timestamp,date,stamp,code,match_no,bs_flag,bid_order_no,ask_order_no,match_price,match_volume,match_amount
2026-03-20 09:15:00.610,20260320,91500610,000009.SZ,94821,-1,74690,0,0.0,100,0.0
2026-03-20 09:15:01.210,20260320,91501210,000009.SZ,132748,-1,24399,0,0.0,12000,0.0
2026-03-20 09:16:06.090,20260320,91606090,000009.SZ,238491,-1,234570,0,0.0,1000,0.0
2026-03-20 09:17:15.260,20260320,91715260,000009.SZ,255209,-1,253219,0,0.0,1000,0.0
2026-03-20 09:17:41.590,20260320,91741590,000009.SZ,262450,-1,0,255784,0.0,3100,0.0
2026-03-20 09:18:37.650,20260320,91837650,000009.SZ,279000,-1,277284,0,0.0,100,0.0
2026-03-20 09:18:44.580,20260320,91844580,000009.SZ,281143,-1,0,234574,0.0,21200,0.0
2026-03-20 09:19:23.120,20260320,91923120,000009.SZ,293998,-1,123825,0,0.0,100,0.0
2026-03-20 09:25:00.000,20260320,92500000,000009.SZ,450941,1,244100,238659,8.96,100,896.0
2026-03-20 09:25:00.000,20260320,92500000,000009.SZ,450942,1,244299,238659,8.96,100,896.0
2026-03-20 09:25:00.000,20260320,92500000,000009.SZ,450943,1,338579,238659,8.96,1600,14336.0
2026-03-20 09:25:00.000,20260320,92500000,000009.SZ,450944,1,338579,246894,8.96,200,1792.0
2026-03-20 09:25:00.000,20260320,92500000,000009.SZ,450945,1,388023,246894,8.96,1200,10752.0
2026-03-20 09:25:00.000,20260320,92500000,000009.SZ,450946,1,423090,246894,8.96,600,5376.0
2026-03-20 09:25:00.000,20260320,92500000,000009.SZ,450947,1,447044,246894,8.96,500,4480.0
2026-03-20 09:25:00.000,20260320,92500000,000009.SZ,450948,1,442571,246894,8.96,2400,21504.0
2026-03-20 09:25:00.000,20260320,92500000,000009.SZ,450949,1,447043,246894,8.96,1000,8960.0
2026-03-20 09:25:00.000,20260320,92500000,000009.SZ,450950,2,91044,246894,8.96,7100,63616.0
2026-03-20 09:25:00.000,20260320,92500000,000009.SZ,450951,1,428826,246894,8.96,400,3584.0
2026-03-20 09:25:00.000,20260320,92500000,000009.SZ,450952,1,428826,410614,8.96,2800,25088.0
2026-03-20 09:25:00.000,20260320,92500000,000009.SZ,450953,1,432283,410614,8.96,100,896.0
2026-03-20 09:25:00.000,20260320,92500000,000009.SZ,450954,1,432615,410614,8.96,100,896.0
2026-03-20 09:25:00.000,20260320,92500000,000009.SZ,450955,1,435384,410614,8.96,100,896.0
2026-03-20 09:25:00.000,20260320,92500000,000009.SZ,450956,1,448728,410614,8.96,1100,9856.0
2026-03-20 09:25:00.000,20260320,92500000,000009.SZ,450957,1,448891,410614,8.96,1400,12544.0
2026-03-20 09:25:00.000,20260320,92500000,000009.SZ,450958,1,448891,392254,8.96,200,1792.0
2026-03-20 09:25:00.000,20260320,92500000,000009.SZ,450959,1,448891,308341,8.96,100,896.0
2026-03-20 09:25:00.000,20260320,92500000,000009.SZ,450960,1,448891,427611,8.96,500,4480.0
2026-03-20 09:25:00.000,20260320,92500000,000009.SZ,450961,1,448891,427616,8.96,100,896.0
2026-03-20 09:25:00.000,20260320,92500000,000009.SZ,450962,1,448891,349975,8.96,2700,24192.0
2026-03-20 09:25:00.000,20260320,92500000,000009.SZ,450963,1,448891,354898,8.96,2000,17920.0
2026-03-20 09:25:00.000,20260320,92500000,000009.SZ,450964,1,448891,334578,8.96,600,5376.0
2026-03-20 09:25:00.000,20260320,92500000,000009.SZ,450965,1,448891,25245,8.96,300,2688.0
2026-03-20 09:25:00.000,20260320,92500000,000009.SZ,450966,1,448891,29139,8.96,2300,20608.0
2026-03-20 09:25:00.000,20260320,92500000,000009.SZ,450967,1,448891,86277,8.96,300,2688.0
2026-03-20 09:25:00.000,20260320,92500000,000009.SZ,450968,1,448891,393713,8.96,400,3584.0
2026-03-20 09:25:00.000,20260320,92500000,000009.SZ,450969,1,448891,437926,8.96,200,1792.0
2026-03-20 09:25:00.000,20260320,92500000,000009.SZ,450970,1,448891,238126,8.96,100,896.0
2026-03-20 09:25:00.000,20260320,92500000,000009.SZ,450971,1,448891,329158,8.96,500,4480.0
2026-03-20 09:25:00.000,20260320,92500000,000009.SZ,450972,1,448891,358571,8.96,3000,26880.0
2026-03-20 09:30:00.030,20260320,93000030,000009.SZ,526792,1,526791,227560,8.97,200,1794.0
2026-03-20 09:30:00.030,20260320,93000030,000009.SZ,526793,1,526791,274629,8.98,300,2694.0
2026-03-20 09:30:00.030,20260320,93000030,000009.SZ,526794,1,526791,364021,8.98,8000,71840.0
2026-03-20 09:30:00.040,20260320,93000040,000009.SZ,530953,-1,446849,0,0.0,5200,0.0
2026-03-20 09:30:00.040,20260320,93000040,000009.SZ,532901,-1,448891,0,0.0,14200,0.0
2026-03-20 09:30:00.050,20260320,93000050,000009.SZ,541622,-1,302056,0,0.0,5500,0.0
2026-03-20 09:30:00.050,20260320,93000050,000009.SZ,541634,-1,385163,0,0.0,2100,0.0
2026-03-20 09:30:00.090,20260320,93000090,000009.SZ,560644,-1,63503,0,0.0,1300,0.0
2026-03-20 09:30:00.100,20260320,93000100,000009.SZ,566547,2,526791,566546,8.98,1000,8980.0
2026-03-20 09:30:00.110,20260320,93000110,000009.SZ,570142,-1,357536,0,0.0,2000,0.0
2026-03-20 09:30:00.110,20260320,93000110,000009.SZ,571829,-1,303820,0,0.0,300,0.0
2026-03-20 09:30:00.110,20260320,93000110,000009.SZ,573608,2,526791,573607,8.98,3000,26940.0
2026-03-20 09:30:00.120,20260320,93000120,000009.SZ,575659,2,526791,575658,8.98,9000,80820.0
2026-03-20 09:30:00.130,20260320,93000130,000009.SZ,582450,-1,336692,0,0.0,700,0.0
2026-03-20 09:30:00.130,20260320,93000130,000009.SZ,582660,-1,330896,0,0.0,1000,0.0
2026-03-20 09:30:00.150,20260320,93000150,000009.SZ,592046,-1,253264,0,0.0,1000,0.0
2026-03-20 09:30:00.160,20260320,93000160,000009.SZ,601546,-1,431163,0,0.0,600,0.0
2026-03-20 09:30:00.210,20260320,93000210,000009.SZ,621293,2,526791,621292,8.98,100,898.0
2026-03-20 09:30:00.230,20260320,93000230,000009.SZ,626771,2,526791,626770,8.98,1000,8980.0
2026-03-20 09:30:00.250,20260320,93000250,000009.SZ,634639,2,526791,634638,8.98,200,1796.0
2026-03-20 09:30:00.310,20260320,93000310,000009.SZ,653209,2,526791,653208,8.98,200,1796.0
2026-03-20 09:30:00.340,20260320,93000340,000009.SZ,663059,2,526791,663058,8.98,1700,15266.0
2026-03-20 09:30:00.350,20260320,93000350,000009.SZ,664601,2,526791,664600,8.98,6000,53880.0
2026-03-20 09:30:00.400,20260320,93000400,000009.SZ,675763,2,526791,675762,8.98,100,898.0
2026-03-20 09:30:00.430,20260320,93000430,000009.SZ,681977,-1,227568,0,0.0,200,0.0
2026-03-20 09:30:00.460,20260320,93000460,000009.SZ,686708,2,526791,686707,8.98,100,898.0
2026-03-20 09:30:00.480,20260320,93000480,000009.SZ,690647,1,690646,48874,8.99,100,899.0
2026-03-20 09:30:00.530,20260320,93000530,000009.SZ,698798,-1,0,92322,0.0,800,0.0
2026-03-20 09:30:00.650,20260320,93000650,000009.SZ,715554,1,715553,48874,8.99,6000,53940.0
2026-03-20 09:30:00.770,20260320,93000770,000009.SZ,735545,-1,363852,0,0.0,7000,0.0
2026-03-20 09:30:00.890,20260320,93000890,000009.SZ,752570,-1,314078,0,0.0,600,0.0
2026-03-20 09:30:00.890,20260320,93000890,000009.SZ,752577,-1,298106,0,0.0,700,0.0
2026-03-20 09:30:00.920,20260320,93000920,000009.SZ,756814,2,526791,756813,8.98,1000,8980.0
2026-03-20 09:30:00.970,20260320,93000970,000009.SZ,762164,2,526791,762163,8.98,1000,8980.0
2026-03-20 09:30:00.980,20260320,93000980,000009.SZ,762924,2,526791,762923,8.98,1000,8980.0
2026-03-20 09:30:00.990,20260320,93000990,000009.SZ,765029,2,526791,765028,8.98,500,4490.0
2026-03-20 09:30:01.000,20260320,93001000,000009.SZ,765092,2,526791,765091,8.98,600,5388.0
2026-03-20 09:30:01.260,20260320,93001260,000009.SZ,790819,2,526791,790818,8.98,200,1796.0
2026-03-20 09:30:01.330,20260320,93001330,000009.SZ,798852,2,526791,798851,8.98,200,1796.0
2026-03-20 09:30:01.350,20260320,93001350,000009.SZ,800547,2,526791,800546,8.98,200,1796.0
2026-03-20 09:30:01.380,20260320,93001380,000009.SZ,803325,2,526791,803324,8.98,1000,8980.0
2026-03-20 09:30:01.380,20260320,93001380,000009.SZ,803613,2,526791,803612,8.98,200,1796.0
2026-03-20 09:30:01.380,20260320,93001380,000009.SZ,803729,2,526791,803728,8.98,600,5388.0
2026-03-20 09:30:01.550,20260320,93001550,000009.SZ,817951,-1,0,306367,0.0,2000,0.0
2026-03-20 09:30:01.650,20260320,93001650,000009.SZ,828061,-1,0,252101,0.0,900,0.0
2026-03-20 09:30:01.700,20260320,93001700,000009.SZ,833699,-1,831004,0,0.0,2000,0.0
2026-03-20 09:30:01.790,20260320,93001790,000009.SZ,842232,2,526791,842231,8.98,3800,34124.0
2026-03-20 09:30:01.790,20260320,93001790,000009.SZ,842233,2,532312,842231,8.98,1200,10776.0
2026-03-20 09:30:01.890,20260320,93001890,000009.SZ,850336,-1,405254,0,0.0,2000,0.0
2026-03-20 09:30:01.890,20260320,93001890,000009.SZ,850363,2,532312,850362,8.98,700,6286.0
2026-03-20 09:30:01.890,20260320,93001890,000009.SZ,850364,2,835502,850362,8.98,1000,8980.0
2026-03-20 09:30:01.890,20260320,93001890,000009.SZ,850370,2,835502,850369,8.98,1000,8980.0
2026-03-20 09:30:01.890,20260320,93001890,000009.SZ,850371,2,849087,850369,8.98,100,898.0
2026-03-20 09:30:02.030,20260320,93002030,000009.SZ,862417,-1,341945,0,0.0,7000,0.0
2026-03-20 09:30:02.070,20260320,93002070,000009.SZ,865516,-1,159323,0,0.0,400,0.0
2026-03-20 09:30:02.100,20260320,93002100,000009.SZ,867940,-1,0,159322,0.0,300,0.0
2026-03-20 09:30:02.590,20260320,93002590,000009.SZ,900147,-1,390590,0,0.0,1000,0.0
2026-03-20 09:30:02.590,20260320,93002590,000009.SZ,900571,2,534749,900570,8.97,500,4485.0
2026-03-20 09:30:02.590,20260320,93002590,000009.SZ,900572,2,538897,900570,8.97,100,897.0
2026-03-20 09:30:02.590,20260320,93002590,000009.SZ,900578,2,538897,900577,8.97,300,2691.0
2026-03-20 09:30:02.590,20260320,93002590,000009.SZ,900582,2,538897,900581,8.97,600,5382.0
2026-03-20 09:30:02.590,20260320,93002590,000009.SZ,900583,2,541814,900581,8.97,200,1794.0
2026-03-20 09:30:02.590,20260320,93002590,000009.SZ,900586,2,541814,900585,8.97,400,3588.0
2026-03-20 09:30:02.590,20260320,93002590,000009.SZ,900587,2,549116,900585,8.97,1000,8970.0
2026-03-20 09:30:02.590,20260320,93002590,000009.SZ,900589,2,549116,900588,8.97,600,5382.0
2026-03-20 09:30:02.590,20260320,93002590,000009.SZ,900590,2,550422,900588,8.97,500,4485.0
2026-03-20 09:30:02.600,20260320,93002600,000009.SZ,900819,2,550422,900818,8.97,300,2691.0
2026-03-20 09:30:02.600,20260320,93002600,000009.SZ,900822,2,550422,900821,8.97,200,1794.0
2026-03-20 09:30:02.600,20260320,93002600,000009.SZ,900823,2,555573,900821,8.97,800,7176.0
2026-03-20 09:30:02.600,20260320,93002600,000009.SZ,900932,2,555573,900931,8.97,200,1794.0
2026-03-20 09:30:02.610,20260320,93002610,000009.SZ,901694,1,901693,850369,8.98,400,3592.0
2026-03-20 09:30:02.730,20260320,93002730,000009.SZ,908967,-1,904872,0,0.0,100,0.0
2026-03-20 09:30:02.980,20260320,93002980,000009.SZ,922783,-1,856866,0,0.0,1000,0.0
2026-03-20 09:30:02.990,20260320,93002990,000009.SZ,924247,-1,142447,0,0.0,200,0.0
2026-03-20 09:30:03.100,20260320,93003100,000009.SZ,930667,1,930666,850369,8.98,600,5388.0
2026-03-20 09:30:03.150,20260320,93003150,000009.SZ,933312,1,933311,850369,8.98,4200,37716.0
2026-03-20 09:30:03.150,20260320,93003150,000009.SZ,933315,1,933314,850369,8.98,500,4490.0
2026-03-20 09:30:03.150,20260320,93003150,000009.SZ,933361,1,933360,850369,8.98,2100,18858.0
2026-03-20 09:30:03.150,20260320,93003150,000009.SZ,933365,1,933364,850369,8.98,1800,16164.0
2026-03-20 09:30:03.150,20260320,93003150,000009.SZ,933367,1,933366,850369,8.98,300,2694.0
2026-03-20 09:30:03.150,20260320,93003150,000009.SZ,933369,1,933368,850369,8.98,2000,17960.0
2026-03-20 09:30:03.150,20260320,93003150,000009.SZ,933387,1,933386,850369,8.98,5300,47594.0
2026-03-20 09:30:03.150,20260320,93003150,000009.SZ,933388,1,933386,850995,8.98,1900,17062.0
2026-03-20 09:30:03.160,20260320,93003160,000009.SZ,933524,1,933523,858998,8.98,300,2694.0
2026-03-20 09:30:03.160,20260320,93003160,000009.SZ,933525,1,933523,909345,8.98,200,1796.0
2026-03-20 09:30:03.300,20260320,93003300,000009.SZ,942460,2,555573,942459,8.97,100,897.0
2026-03-20 09:30:03.360,20260320,93003360,000009.SZ,947534,1,947533,909345,8.98,800,7184.0
2026-03-20 09:30:03.360,20260320,93003360,000009.SZ,947535,1,947533,927493,8.98,200,1796.0
2026-03-20 09:30:03.360,20260320,93003360,000009.SZ,947536,1,947533,933023,8.98,300,2694.0
2026-03-20 09:30:03.360,20260320,93003360,000009.SZ,947537,1,947533,933065,8.98,300,2694.0
2026-03-20 09:30:03.360,20260320,93003360,000009.SZ,947538,1,947533,48874,8.99,3900,35061.0
2026-03-20 09:30:03.360,20260320,93003360,000009.SZ,947539,1,947533,85819,8.99,500,4495.0
2026-03-20 09:30:03.360,20260320,93003360,000009.SZ,947540,1,947533,238173,8.99,2300,20677.0
2026-03-20 09:30:03.360,20260320,93003360,000009.SZ,947541,1,947533,267933,8.99,3700,33263.0
2026-03-20 09:30:03.570,20260320,93003570,000009.SZ,960691,2,555573,960690,8.97,500,4485.0
2026-03-20 09:30:03.720,20260320,93003720,000009.SZ,969271,-1,427506,0,0.0,300,0.0
2026-03-20 09:30:03.870,20260320,93003870,000009.SZ,975948,1,975947,956092,8.98,100,898.0
2026-03-20 09:30:03.980,20260320,93003980,000009.SZ,979580,2,555573,979579,8.97,600,5382.0
2026-03-20 09:30:04.420,20260320,93004420,000009.SZ,999147,-1,0,404984,0.0,1000,0.0
2026-03-20 09:30:04.870,20260320,93004870,000009.SZ,1020868,1,1020867,956092,8.98,100,898.0
2026-03-20 09:30:06.150,20260320,93006150,000009.SZ,1050987,1,1050986,956092,8.98,100,898.0
2026-03-20 09:30:06.150,20260320,93006150,000009.SZ,1051170,1,1051169,956092,8.98,400,3592.0
2026-03-20 09:30:06.150,20260320,93006150,000009.SZ,1051174,1,1051173,956092,8.98,300,2694.0
2026-03-20 09:30:06.150,20260320,93006150,000009.SZ,1051179,1,1051178,981569,8.98,200,1796.0
2026-03-20 09:30:06.150,20260320,93006150,000009.SZ,1051212,1,1051211,981569,8.98,100,898.0
2026-03-20 09:30:06.150,20260320,93006150,000009.SZ,1051213,1,1051211,1006379,8.98,200,1796.0
2026-03-20 09:30:06.150,20260320,93006150,000009.SZ,1051223,1,1051222,1006379,8.98,200,1796.0
2026-03-20 09:30:06.150,20260320,93006150,000009.SZ,1051270,1,1051269,1006379,8.98,200,1796.0
2026-03-20 09:30:06.150,20260320,93006150,000009.SZ,1051332,1,1051331,1006379,8.98,500,4490.0
2026-03-20 09:30:06.250,20260320,93006250,000009.SZ,1053029,2,1051331,1053028,8.98,100,898.0
2026-03-20 09:30:06.380,20260320,93006380,000009.SZ,1060325,2,1051370,1060324,8.98,100,898.0
2026-03-20 09:30:07.210,20260320,93007210,000009.SZ,1083305,2,1051370,1083304,8.98,1000,8980.0
2026-03-20 09:30:07.560,20260320,93007560,000009.SZ,1094946,-1,0,24888,0.0,10000,0.0
2026-03-20 09:30:07.790,20260320,93007790,000009.SZ,1103005,1,1103004,267933,8.99,5000,44950.0
2026-03-20 09:30:07.790,20260320,93007790,000009.SZ,1103006,1,1103004,550421,8.99,600,5394.0
2026-03-20 09:30:07.790,20260320,93007790,000009.SZ,1103007,1,1103004,643366,8.99,2300,20677.0
2026-03-20 09:30:07.790,20260320,93007790,000009.SZ,1103008,1,1103004,702865,8.99,100,899.0
2026-03-20 09:30:07.790,20260320,93007790,000009.SZ,1103009,1,1103004,773219,8.99,3100,27869.0
2026-03-20 09:30:08.220,20260320,93008220,000009.SZ,1112693,2,1051370,1112692,8.98,1100,9878.0
2026-03-20 09:30:08.220,20260320,93008220,000009.SZ,1112694,2,1051419,1112692,8.98,100,898.0
2026-03-20 09:30:08.310,20260320,93008310,000009.SZ,1114180,2,1051419,1114179,8.98,53,475.94
2026-03-20 09:30:08.570,20260320,93008570,000009.SZ,1118064,2,1051419,1118063,8.98,347,3116.06
2026-03-20 09:30:08.570,20260320,93008570,000009.SZ,1118065,2,1051698,1118063,8.98,100,898.0
2026-03-20 09:30:08.570,20260320,93008570,000009.SZ,1118066,2,1051825,1118063,8.98,100,898.0
2026-03-20 09:30:08.570,20260320,93008570,000009.SZ,1118067,2,1051892,1118063,8.98,300,2694.0
2026-03-20 09:30:08.570,20260320,93008570,000009.SZ,1118068,2,1052316,1118063,8.98,200,1796.0
2026-03-20 09:30:08.570,20260320,93008570,000009.SZ,1118069,2,1052412,1118063,8.98,100,898.0
2026-03-20 09:30:08.570,20260320,93008570,000009.SZ,1118070,2,1078387,1118063,8.98,53,475.94
2026-03-20 09:30:09.150,20260320,93009150,000009.SZ,1127270,1,1127269,773219,8.99,200,1798.0
2026-03-20 09:30:09.180,20260320,93009180,000009.SZ,1128393,2,1078387,1128392,8.98,100,898.0
2026-03-20 09:30:09.230,20260320,93009230,000009.SZ,1129458,2,1078387,1129457,8.98,547,4912.06
2026-03-20 09:30:09.230,20260320,93009230,000009.SZ,1129459,2,1081642,1129457,8.98,500,4490.0
2026-03-20 09:30:09.230,20260320,93009230,000009.SZ,1129460,2,1083889,1129457,8.98,1300,11674.0
2026-03-20 09:30:09.230,20260320,93009230,000009.SZ,1129461,2,1090755,1129457,8.98,253,2271.94
2026-03-20 09:30:09.460,20260320,93009460,000009.SZ,1135412,2,1090755,1135411,8.98,1200,10776.0
2026-03-20 09:30:09.750,20260320,93009750,000009.SZ,1142324,2,1090755,1142323,8.98,547,4912.06
2026-03-20 09:30:09.750,20260320,93009750,000009.SZ,1142325,2,1120789,1142323,8.98,253,2271.94
2026-03-20 09:30:10.070,20260320,93010070,000009.SZ,1147499,-1,0,163716,0.0,59200,0.0
2026-03-20 09:30:11.940,20260320,93011940,000009.SZ,1177350,2,1120789,1177349,8.98,1047,9402.06
2026-03-20 09:30:11.940,20260320,93011940,000009.SZ,1177351,2,1127276,1177349,8.98,600,5388.0
2026-03-20 09:30:11.940,20260320,93011940,000009.SZ,1177352,2,1146587,1177349,8.98,900,8082.0
2026-03-20 09:30:11.940,20260320,93011940,000009.SZ,1177353,2,574572,1177349,8.97,300,2691.0
2026-03-20 09:30:11.940,20260320,93011940,000009.SZ,1177354,2,585778,1177349,8.97,600,5382.0
2026-03-20 09:30:11.940,20260320,93011940,000009.SZ,1177355,2,590856,1177349,8.97,600,5382.0
2026-03-20 09:30:11.940,20260320,93011940,000009.SZ,1177356,2,616080,1177349,8.97,100,897.0
2026-03-20 09:30:11.940,20260320,93011940,000009.SZ,1177357,2,633580,1177349,8.97,100,897.0
2026-03-20 09:30:11.940,20260320,93011940,000009.SZ,1177358,2,646949,1177349,8.97,1453,13033.41
2026-03-20 09:30:12.340,20260320,93012340,000009.SZ,1184234,1,1184233,1179882,8.98,100,898.0
2026-03-20 09:30:12.520,20260320,93012520,000009.SZ,1187884,1,1187883,1179890,8.98,200,1796.0
2026-03-20 09:30:12.520,20260320,93012520,000009.SZ,1187885,1,1187883,1179897,8.98,400,3592.0
2026-03-20 09:30:12.520,20260320,93012520,000009.SZ,1187886,1,1187883,1179909,8.98,100,898.0
2026-03-20 09:30:12.520,20260320,93012520,000009.SZ,1187887,1,1187883,1179955,8.98,300,2694.0
2026-03-20 09:30:12.520,20260320,93012520,000009.SZ,1187888,1,1187883,1179956,8.98,300,2694.0
2026-03-20 09:30:12.520,20260320,93012520,000009.SZ,1187889,1,1187883,1179976,8.98,300,2694.0
2026-03-20 09:30:12.520,20260320,93012520,000009.SZ,1187890,1,1187883,1180005,8.98,300,2694.0
2026-03-20 09:30:12.520,20260320,93012520,000009.SZ,1187891,1,1187883,1180075,8.98,100,898.0
2026-03-20 09:30:12.520,20260320,93012520,000009.SZ,1187892,1,1187883,1180106,8.98,300,2694.0
2026-03-20 09:30:12.970,20260320,93012970,000009.SZ,1196767,1,1196766,1180106,8.98,600,5388.0
2026-03-20 09:30:12.970,20260320,93012970,000009.SZ,1196768,1,1196766,1180296,8.98,1700,15266.0
2026-03-20 09:30:12.970,20260320,93012970,000009.SZ,1196769,1,1196766,1182324,8.98,600,5388.0
2026-03-20 09:30:12.970,20260320,93012970,000009.SZ,1196770,1,1196766,1186259,8.98,200,1796.0
2026-03-20 09:30:13.010,20260320,93013010,000009.SZ,1197330,1,1197329,1186259,8.98,200,1796.0
2026-03-20 09:30:13.010,20260320,93013010,000009.SZ,1197331,1,1197329,1186304,8.98,100,898.0
2026-03-20 09:30:13.010,20260320,93013010,000009.SZ,1197332,1,1197329,1186496,8.98,1100,9878.0
2026-03-20 09:30:13.060,20260320,93013060,000009.SZ,1198019,2,1197329,1198018,8.98,200,1796.0
2026-03-20 09:30:13.060,20260320,93013060,000009.SZ,1198023,2,1197329,1198022,8.98,100,898.0
2026-03-20 09:30:13.070,20260320,93013070,000009.SZ,1198035,2,1197329,1198034,8.98,100,898.0
2026-03-20 09:30:13.170,20260320,93013170,000009.SZ,1199586,2,1197329,1199585,8.98,1400,12572.0
2026-03-20 09:30:13.460,20260320,93013460,000009.SZ,1206345,1,1206344,773219,8.99,1500,13485.0
2026-03-20 09:30:13.460,20260320,93013460,000009.SZ,1206346,1,1206344,961176,8.99,100,899.0
2026-03-20 09:30:13.460,20260320,93013460,000009.SZ,1206347,1,1206344,961191,8.99,100,899.0
2026-03-20 09:30:13.460,20260320,93013460,000009.SZ,1206348,1,1206344,961370,8.99,100,899.0
2026-03-20 09:30:13.980,20260320,93013980,000009.SZ,1217293,2,1197329,1217292,8.98,3000,26940.0
2026-03-20 09:30:14.560,20260320,93014560,000009.SZ,1225560,-1,0,132409,0.0,600,0.0
2026-03-20 09:30:15.200,20260320,93015200,000009.SZ,1233201,1,1233200,961370,8.99,200,1798.0
2026-03-20 09:30:15.200,20260320,93015200,000009.SZ,1233202,1,1233200,961371,8.99,100,899.0
2026-03-20 09:30:15.200,20260320,93015200,000009.SZ,1233230,2,1197329,1233229,8.98,500,4490.0
2026-03-20 09:30:15.200,20260320,93015200,000009.SZ,1233231,2,1197858,1233229,8.98,300,2694.0
2026-03-20 09:30:15.200,20260320,93015200,000009.SZ,1233235,2,1197858,1233234,8.98,600,5388.0
2026-03-20 09:30:15.200,20260320,93015200,000009.SZ,1233254,2,1197858,1233253,8.98,200,1796.0
2026-03-20 09:30:15.200,20260320,93015200,000009.SZ,1233259,2,1197858,1233258,8.98,200,1796.0
2026-03-20 09:30:15.200,20260320,93015200,000009.SZ,1233263,2,1197858,1233262,8.98,200,1796.0
2026-03-20 09:30:15.200,20260320,93015200,000009.SZ,1233276,2,1197858,1233275,8.98,200,1796.0
2026-03-20 09:30:15.200,20260320,93015200,000009.SZ,1233281,2,1197858,1233280,8.98,3500,31430.0
2026-03-20 09:30:15.200,20260320,93015200,000009.SZ,1233282,2,1199151,1233280,8.98,3900,35022.0
2026-03-20 09:30:15.200,20260320,93015200,000009.SZ,1233283,2,1201808,1233280,8.98,2600,23348.0
2026-03-20 09:30:15.220,20260320,93015220,000009.SZ,1233629,2,646949,1233628,8.97,3047,27331.59
2026-03-20 09:30:15.220,20260320,93015220,000009.SZ,1233630,2,651990,1233628,8.97,253,2269.41
2026-03-20 09:30:15.890,20260320,93015890,000009.SZ,1247140,1,1247139,1233280,8.98,500,4490.0
2026-03-20 09:30:16.300,20260320,93016300,000009.SZ,1254223,-1,0,1233280,0.0,1700,0.0
2026-03-20 09:30:17.770,20260320,93017770,000009.SZ,1277184,1,1277183,1233293,8.98,300,2694.0
2026-03-20 09:30:17.770,20260320,93017770,000009.SZ,1277185,1,1277183,1233328,8.98,200,1796.0
2026-03-20 09:30:17.770,20260320,93017770,000009.SZ,1277186,1,1277183,1233367,8.98,700,6286.0
2026-03-20 09:30:17.900,20260320,93017900,000009.SZ,1278559,2,651990,1278558,8.97,347,3112.59
2026-03-20 09:30:17.900,20260320,93017900,000009.SZ,1278560,2,654970,1278558,8.97,1153,10342.41
2026-03-20 09:30:18.150,20260320,93018150,000009.SZ,1281297,2,654970,1281296,8.97,100,897.0
2026-03-20 09:30:18.150,20260320,93018150,000009.SZ,1281325,2,654970,1281324,8.97,200,1794.0
2026-03-20 09:30:18.150,20260320,93018150,000009.SZ,1281354,2,654970,1281353,8.97,100,897.0
2026-03-20 09:30:18.150,20260320,93018150,000009.SZ,1281379,2,654970,1281378,8.97,100,897.0
2026-03-20 09:30:18.150,20260320,93018150,000009.SZ,1281382,2,654970,1281381,8.97,300,2691.0
2026-03-20 09:30:18.160,20260320,93018160,000009.SZ,1281501,2,654970,1281500,8.97,47,421.59
2026-03-20 09:30:18.160,20260320,93018160,000009.SZ,1281502,2,674127,1281500,8.97,153,1372.41
2026-03-20 09:30:18.160,20260320,93018160,000009.SZ,1281558,2,674127,1281557,8.97,500,4485.0
2026-03-20 09:30:18.160,20260320,93018160,000009.SZ,1281590,2,674127,1281589,8.97,100,897.0
2026-03-20 09:30:18.160,20260320,93018160,000009.SZ,1281657,-1,0,1233438,0.0,600,0.0
2026-03-20 09:30:18.170,20260320,93018170,000009.SZ,1281759,2,674127,1281758,8.97,1247,11185.59
2026-03-20 09:30:18.170,20260320,93018170,000009.SZ,1281760,2,684155,1281758,8.97,1153,10342.41
2026-03-20 09:30:18.170,20260320,93018170,000009.SZ,1281783,2,684155,1281782,8.97,200,1794.0
2026-03-20 09:30:18.180,20260320,93018180,000009.SZ,1281932,-1,0,1234070,0.0,1200,0.0
2026-03-20 09:30:18.190,20260320,93018190,000009.SZ,1282251,2,684155,1282250,8.97,600,5382.0
2026-03-20 09:30:18.240,20260320,93018240,000009.SZ,1283875,2,684155,1283874,8.97,300,2691.0
2026-03-20 09:30:18.520,20260320,93018520,000009.SZ,1289910,1,1289909,1233367,8.98,200,1796.0
2026-03-20 09:30:18.680,20260320,93018680,000009.SZ,1294359,1,1294358,1233367,8.98,100,898.0
2026-03-20 09:30:19.150,20260320,93019150,000009.SZ,1301774,1,1301773,1233367,8.98,100,898.0
2026-03-20 09:30:19.240,20260320,93019240,000009.SZ,1303469,2,684155,1303468,8.97,700,6279.0
2026-03-20 09:30:19.300,20260320,93019300,000009.SZ,1304866,-1,0,1251189,0.0,1800,0.0
2026-03-20 09:30:19.330,20260320,93019330,000009.SZ,1305658,1,1305657,1233367,8.98,2200,19756.0
2026-03-20 09:30:19.330,20260320,93019330,000009.SZ,1305659,1,1305657,1233460,8.98,1800,16164.0
2026-03-20 09:30:20.220,20260320,93020220,000009.SZ,1321629,1,1321628,1233460,8.98,100,898.0
2026-03-20 09:30:20.360,20260320,93020360,000009.SZ,1323345,2,684155,1323344,8.97,100,897.0
2026-03-20 09:30:20.360,20260320,93020360,000009.SZ,1323379,2,684155,1323378,8.97,200,1794.0
2026-03-20 09:30:20.460,20260320,93020460,000009.SZ,1324659,2,684155,1324658,8.97,2347,21052.59
2026-03-20 09:30:20.460,20260320,93020460,000009.SZ,1324660,2,690167,1324658,8.97,200,1794.0
2026-03-20 09:30:20.460,20260320,93020460,000009.SZ,1324661,2,703791,1324658,8.97,53,475.41
2026-03-20 09:30:21.150,20260320,93021150,000009.SZ,1333324,2,703791,1333323,8.97,1947,17464.59
2026-03-20 09:30:21.150,20260320,93021150,000009.SZ,1333325,2,707658,1333323,8.97,3000,26910.0
2026-03-20 09:30:21.150,20260320,93021150,000009.SZ,1333326,2,724670,1333323,8.97,300,2691.0
2026-03-20 09:30:21.150,20260320,93021150,000009.SZ,1333327,2,794663,1333323,8.97,100,897.0
2026-03-20 09:30:21.150,20260320,93021150,000009.SZ,1333328,2,801378,1333323,8.97,1400,12558.0
2026-03-20 09:30:21.150,20260320,93021150,000009.SZ,1333329,2,804179,1333323,8.97,5500,49335.0
2026-03-20 09:30:21.150,20260320,93021150,000009.SZ,1333330,2,808266,1333323,8.97,200,1794.0
2026-03-20 09:30:21.150,20260320,93021150,000009.SZ,1333331,2,809975,1333323,8.97,300,2691.0
2026-03-20 09:30:21.150,20260320,93021150,000009.SZ,1333332,2,857205,1333323,8.97,1000,8970.0
2026-03-20 09:30:21.150,20260320,93021150,000009.SZ,1333333,2,888911,1333323,8.97,500,4485.0
2026-03-20 09:30:21.150,20260320,93021150,000009.SZ,1333334,2,898929,1333323,8.97,1100,9867.0
2026-03-20 09:30:21.150,20260320,93021150,000009.SZ,1333335,2,899205,1333323,8.97,2000,17940.0
2026-03-20 09:30:21.150,20260320,93021150,000009.SZ,1333336,2,899700,1333323,8.97,10000,89700.0
2026-03-20 09:30:21.150,20260320,93021150,000009.SZ,1333337,2,912367,1333323,8.97,100,897.0
2026-03-20 09:30:21.150,20260320,93021150,000009.SZ,1333338,2,947421,1333323,8.97,1000,8970.0
2026-03-20 09:30:21.150,20260320,93021150,000009.SZ,1333339,2,987081,1333323,8.97,2400,21528.0
2026-03-20 09:30:21.150,20260320,93021150,000009.SZ,1333340,2,1026010,1333323,8.97,300,2691.0
2026-03-20 09:30:21.150,20260320,93021150,000009.SZ,1333341,2,1030364,1333323,8.97,800,7176.0
2026-03-20 09:30:21.150,20260320,93021150,000009.SZ,1333342,2,1260321,1333323,8.97,100,897.0
2026-03-20 09:30:21.150,20260320,93021150,000009.SZ,1333343,2,1269134,1333323,8.97,1553,13930.41
2026-03-20 09:30:21.160,20260320,93021160,000009.SZ,1333514,-1,0,1234102,0.0,200,0.0
2026-03-20 09:30:21.160,20260320,93021160,000009.SZ,1333522,-1,0,1234110,0.0,600,0.0
2026-03-20 09:30:21.170,20260320,93021170,000009.SZ,1333758,2,1269134,1333757,8.97,47,421.59
2026-03-20 09:30:21.170,20260320,93021170,000009.SZ,1333759,2,1332903,1333757,8.97,100,897.0
2026-03-20 09:30:21.170,20260320,93021170,000009.SZ,1333760,2,1332904,1333757,8.97,100,897.0
2026-03-20 09:30:21.170,20260320,93021170,000009.SZ,1333761,2,1332914,1333757,8.97,100,897.0
2026-03-20 09:30:21.170,20260320,93021170,000009.SZ,1333762,2,526061,1333757,8.96,400,3584.0
2026-03-20 09:30:21.170,20260320,93021170,000009.SZ,1333763,2,597752,1333757,8.96,853,7642.88
2026-03-20 09:30:21.170,20260320,93021170,000009.SZ,1333828,-1,0,1233460,0.0,1600,0.0
2026-03-20 09:30:21.200,20260320,93021200,000009.SZ,1335201,1,1335200,1242120,8.98,100,898.0
2026-03-20 09:30:21.200,20260320,93021200,000009.SZ,1335202,1,1335200,1242299,8.98,100,898.0
2026-03-20 09:30:21.200,20260320,93021200,000009.SZ,1335203,1,1335200,1242560,8.98,100,898.0
2026-03-20 09:30:21.200,20260320,93021200,000009.SZ,1335204,1,1335200,1248503,8.98,100,898.0
2026-03-20 09:30:21.200,20260320,93021200,000009.SZ,1335205,1,1335200,1261347,8.98,100,898.0
2026-03-20 09:30:21.200,20260320,93021200,000009.SZ,1335206,1,1335200,1266749,8.98,2000,17960.0
2026-03-20 09:30:21.200,20260320,93021200,000009.SZ,1335207,1,1335200,1302014,8.98,700,6286.0
2026-03-20 09:30:21.200,20260320,93021200,000009.SZ,1335208,1,1335200,1322646,8.98,1000,8980.0
2026-03-20 09:30:21.330,20260320,93021330,000009.SZ,1337667,1,1337666,961371,8.99,400,3596.0
2026-03-20 09:30:21.330,20260320,93021330,000009.SZ,1337668,1,1337666,961590,8.99,200,1798.0
2026-03-20 09:30:23.000,20260320,93023000,000009.SZ,1371808,-1,0,68378,0.0,2600,0.0
2026-03-20 09:30:23.140,20260320,93023140,000009.SZ,1373601,1,1373600,961590,8.99,400,3596.0
2026-03-20 09:30:23.930,20260320,93023930,000009.SZ,1381916,2,1335200,1381915,8.98,3300,29634.0
2026-03-20 09:30:24.150,20260320,93024150,000009.SZ,1384262,2,1335200,1384261,8.98,100,898.0
2026-03-20 09:30:24.150,20260320,93024150,000009.SZ,1384268,2,1335200,1384267,8.98,100,898.0
2026-03-20 09:30:24.150,20260320,93024150,000009.SZ,1384285,2,1335200,1384284,8.98,2500,22450.0
2026-03-20 09:30:24.150,20260320,93024150,000009.SZ,1384373,2,1335200,1384372,8.98,200,1796.0
2026-03-20 09:30:24.280,20260320,93024280,000009.SZ,1386288,2,1335200,1386287,8.98,700,6286.0
2026-03-20 09:30:24.280,20260320,93024280,000009.SZ,1386289,2,1343096,1386287,8.98,100,898.0
2026-03-20 09:30:24.280,20260320,93024280,000009.SZ,1386290,2,1343171,1386287,8.98,100,898.0
2026-03-20 09:30:24.280,20260320,93024280,000009.SZ,1386291,2,1346583,1386287,8.98,2100,18858.0
2026-03-20 09:30:24.280,20260320,93024280,000009.SZ,1386292,2,1364986,1386287,8.98,2200,19756.0
2026-03-20 09:30:24.280,20260320,93024280,000009.SZ,1386293,2,1384278,1386287,8.98,100,898.0
2026-03-20 09:30:24.280,20260320,93024280,000009.SZ,1386294,2,1368609,1386287,8.97,400,3588.0
2026-03-20 09:30:24.280,20260320,93024280,000009.SZ,1386295,2,597752,1386287,8.96,447,4005.12
2026-03-20 09:30:24.280,20260320,93024280,000009.SZ,1386296,2,646638,1386287,8.96,453,4058.88
2026-03-20 09:30:24.810,20260320,93024810,000009.SZ,1399071,2,1394374,1399070,8.98,100,898.0
2026-03-20 09:30:24.970,20260320,93024970,000009.SZ,1401561,1,1401560,1399070,8.98,1200,10776.0
2026-03-20 09:30:26.330,20260320,93026330,000009.SZ,1423717,1,1423716,1401582,8.97,600,5382.0
2026-03-20 09:30:26.700,20260320,93026700,000009.SZ,1427476,2,646638,1427475,8.96,547,4901.12
2026-03-20 09:30:26.700,20260320,93026700,000009.SZ,1427477,2,691369,1427475,8.96,453,4058.88
2026-03-20 09:30:26.750,20260320,93026750,000009.SZ,1428063,-1,0,1412508,0.0,2200,0.0
2026-03-20 09:30:27.210,20260320,93027210,000009.SZ,1432832,2,691369,1432831,8.96,547,4901.12
2026-03-20 09:30:27.210,20260320,93027210,000009.SZ,1432833,2,694067,1432831,8.96,253,2266.88
2026-03-20 09:30:27.590,20260320,93027590,000009.SZ,1441360,1,1441359,1401582,8.97,300,2691.0
2026-03-20 09:30:27.590,20260320,93027590,000009.SZ,1441404,-1,0,1384459,0.0,1800,0.0
2026-03-20 09:30:27.630,20260320,93027630,000009.SZ,1442610,1,1442609,1401582,8.97,100,897.0
2026-03-20 09:30:27.630,20260320,93027630,000009.SZ,1442611,1,1442609,1416986,8.97,1200,10764.0
2026-03-20 09:30:27.910,20260320,93027910,000009.SZ,1449076,1,1449075,1416986,8.97,300,2691.0
2026-03-20 09:30:28.090,20260320,93028090,000009.SZ,1452436,-1,0,1250117,0.0,800,0.0
2026-03-20 09:30:28.960,20260320,93028960,000009.SZ,1468864,1,1468863,1416986,8.97,400,3588.0
2026-03-20 09:30:29.290,20260320,93029290,000009.SZ,1473440,-1,362707,0,0.0,300,0.0
2026-03-20 09:30:30.160,20260320,93030160,000009.SZ,1483262,2,694067,1483261,8.96,100,896.0
2026-03-20 09:30:30.160,20260320,93030160,000009.SZ,1483265,2,694067,1483264,8.96,100,896.0
2026-03-20 09:30:30.160,20260320,93030160,000009.SZ,1483271,2,694067,1483270,8.96,100,896.0
2026-03-20 09:30:30.160,20260320,93030160,000009.SZ,1483273,2,694067,1483272,8.96,100,896.0
2026-03-20 09:30:30.160,20260320,93030160,000009.SZ,1483294,2,694067,1483293,8.96,100,896.0
2026-03-20 09:30:30.160,20260320,93030160,000009.SZ,1483318,2,694067,1483317,8.96,200,1792.0
2026-03-20 09:30:30.170,20260320,93030170,000009.SZ,1483401,2,694067,1483400,8.96,1047,9381.12
2026-03-20 09:30:30.170,20260320,93030170,000009.SZ,1483402,2,703786,1483400,8.96,600,5376.0
2026-03-20 09:30:30.170,20260320,93030170,000009.SZ,1483403,2,722871,1483400,8.96,253,2266.88
2026-03-20 09:30:30.170,20260320,93030170,000009.SZ,1483450,2,722871,1483449,8.96,747,6693.12
2026-03-20 09:30:30.170,20260320,93030170,000009.SZ,1483451,2,743275,1483449,8.96,200,1792.0
2026-03-20 09:30:30.170,20260320,93030170,000009.SZ,1483452,2,793754,1483449,8.96,1153,10330.88
2026-03-20 09:30:30.180,20260320,93030180,000009.SZ,1483543,2,793754,1483542,8.96,347,3109.12
2026-03-20 09:30:30.180,20260320,93030180,000009.SZ,1483544,2,833122,1483542,8.96,53,474.88
2026-03-20 09:30:30.180,20260320,93030180,000009.SZ,1483642,2,833122,1483641,8.96,300,2688.0
2026-03-20 09:30:30.200,20260320,93030200,000009.SZ,1483901,2,833122,1483900,8.96,147,1317.12
2026-03-20 09:30:30.200,20260320,93030200,000009.SZ,1483902,2,899209,1483900,8.96,253,2266.88
2026-03-20 09:30:30.200,20260320,93030200,000009.SZ,1483990,2,899209,1483989,8.96,100,896.0
2026-03-20 09:30:30.370,20260320,93030370,000009.SZ,1489142,2,899209,1489141,8.96,247,2213.12
2026-03-20 09:30:30.370,20260320,93030370,000009.SZ,1489143,2,980963,1489141,8.96,953,8538.88
2026-03-20 09:30:31.020,20260320,93031020,000009.SZ,1502937,1,1502936,1416986,8.97,600,5382.0
2026-03-20 09:30:31.340,20260320,93031340,000009.SZ,1509338,1,1509337,1416986,8.97,1900,17043.0
2026-03-20 09:30:31.340,20260320,93031340,000009.SZ,1509339,1,1509337,1424801,8.97,1100,9867.0
2026-03-20 09:30:31.340,20260320,93031340,000009.SZ,1509340,1,1509337,1427942,8.97,3700,33189.0
2026-03-20 09:30:31.390,20260320,93031390,000009.SZ,1510491,1,1510490,1427942,8.97,400,3588.0
2026-03-20 09:30:32.750,20260320,93032750,000009.SZ,1532477,1,1532476,1427942,8.97,7200,64584.0
2026-03-20 09:30:32.890,20260320,93032890,000009.SZ,1534287,-1,0,1520272,0.0,6900,0.0
2026-03-20 09:30:33.320,20260320,93033320,000009.SZ,1541516,2,980963,1541515,8.96,47,421.12
2026-03-20 09:30:33.320,20260320,93033320,000009.SZ,1541517,2,989775,1541515,8.96,753,6746.88
2026-03-20 09:30:33.710,20260320,93033710,000009.SZ,1549952,1,1549951,1427942,8.97,600,5382.0
2026-03-20 09:30:33.990,20260320,93033990,000009.SZ,1554350,-1,922219,0,0.0,500,0.0
2026-03-20 09:30:34.240,20260320,93034240,000009.SZ,1558625,1,1558624,1427942,8.97,600,5382.0
2026-03-20 09:30:34.250,20260320,93034250,000009.SZ,1558853,1,1558852,1427942,8.97,800,7176.0
2026-03-20 09:30:35.180,20260320,93035180,000009.SZ,1574980,-1,0,1524969,0.0,100,0.0
2026-03-20 09:30:35.430,20260320,93035430,000009.SZ,1577782,-1,0,1525021,0.0,100,0.0
2026-03-20 09:30:35.590,20260320,93035590,000009.SZ,1579542,1,1579541,1427942,8.97,5000,44850.0
2026-03-20 09:30:35.630,20260320,93035630,000009.SZ,1580014,1,1580013,1427942,8.97,200,1794.0
2026-03-20 09:30:35.630,20260320,93035630,000009.SZ,1580020,1,1580019,1427942,8.97,100,897.0
2026-03-20 09:30:36.020,20260320,93036020,000009.SZ,1584019,-1,0,1546580,0.0,100,0.0
2026-03-20 09:30:36.100,20260320,93036100,000009.SZ,1584920,-1,0,1270864,0.0,600,0.0
2026-03-20 09:30:36.220,20260320,93036220,000009.SZ,1587312,2,989775,1587311,8.96,247,2213.12
2026-03-20 09:30:36.220,20260320,93036220,000009.SZ,1587313,2,1039650,1587311,8.96,1100,9856.0
2026-03-20 09:30:36.220,20260320,93036220,000009.SZ,1587314,2,1042918,1587311,8.96,200,1792.0
2026-03-20 09:30:36.220,20260320,93036220,000009.SZ,1587315,2,1432518,1587311,8.96,100,896.0
2026-03-20 09:30:36.220,20260320,93036220,000009.SZ,1587316,2,1580988,1587311,8.96,600,5376.0
2026-03-20 09:30:36.220,20260320,93036220,000009.SZ,1587317,2,444915,1587311,8.95,1800,16110.0
2026-03-20 09:30:36.220,20260320,93036220,000009.SZ,1587318,2,678211,1587311,8.95,653,5844.35
2026-03-20 09:30:36.350,20260320,93036350,000009.SZ,1589326,-1,678211,0,0.0,1347,0.0
2026-03-20 09:30:36.630,20260320,93036630,000009.SZ,1594339,1,1594338,1427942,8.97,100,897.0
2026-03-20 09:30:37.250,20260320,93037250,000009.SZ,1604849,-1,1585608,0,0.0,200,0.0
2026-03-20 09:30:37.930,20260320,93037930,000009.SZ,1615614,1,1615613,1595294,8.96,100,896.0
2026-03-20 09:30:37.930,20260320,93037930,000009.SZ,1615615,1,1615613,1612280,8.96,500,4480.0
2026-03-20 09:30:38.080,20260320,93038080,000009.SZ,1617364,1,1617363,1612280,8.96,600,5376.0
2026-03-20 09:30:38.120,20260320,93038120,000009.SZ,1617859,1,1617858,1612280,8.96,500,4480.0
2026-03-20 09:30:38.120,20260320,93038120,000009.SZ,1617860,1,1617858,1427942,8.97,2500,22425.0
2026-03-20 09:30:38.140,20260320,93038140,000009.SZ,1618229,1,1618228,1427942,8.97,100,897.0
2026-03-20 09:30:38.200,20260320,93038200,000009.SZ,1619072,1,1619071,1427942,8.97,500,4485.0
2026-03-20 09:30:39.740,20260320,93039740,000009.SZ,1638337,-1,0,1445041,0.0,1800,0.0
2026-03-20 09:30:39.900,20260320,93039900,000009.SZ,1640266,-1,0,1623147,0.0,1200,0.0
2026-03-20 09:30:40.070,20260320,93040070,000009.SZ,1642366,1,1642365,1629253,8.96,500,4480.0
2026-03-20 09:30:40.070,20260320,93040070,000009.SZ,1642367,1,1642365,1638622,8.96,300,2688.0
2026-03-20 09:30:40.070,20260320,93040070,000009.SZ,1642368,1,1642365,1639844,8.96,200,1792.0
2026-03-20 09:30:40.260,20260320,93040260,000009.SZ,1644908,-1,1628662,0,0.0,200,0.0
2026-03-20 09:30:40.380,20260320,93040380,000009.SZ,1646543,1,1646542,1639844,8.96,1000,8960.0
2026-03-20 09:30:40.510,20260320,93040510,000009.SZ,1648767,-1,0,1558885,0.0,100,0.0
2026-03-20 09:30:40.570,20260320,93040570,000009.SZ,1649651,1,1649650,1639844,8.96,100,896.0
2026-03-20 09:30:41.370,20260320,93041370,000009.SZ,1660119,-1,0,544791,0.0,2000,0.0
2026-03-20 09:30:41.410,20260320,93041410,000009.SZ,1660408,2,751921,1660407,8.95,600,5370.0
2026-03-20 09:30:41.760,20260320,93041760,000009.SZ,1663934,2,751921,1663933,8.95,600,5370.0
2026-03-20 09:30:41.760,20260320,93041760,000009.SZ,1663935,2,1558048,1663933,8.95,600,5370.0
2026-03-20 09:30:41.980,20260320,93041980,000009.SZ,1666226,1,1666225,1639844,8.96,500,4480.0
2026-03-20 09:30:41.980,20260320,93041980,000009.SZ,1666227,1,1666225,1653551,8.96,1500,13440.0
2026-03-20 09:30:42.220,20260320,93042220,000009.SZ,1669020,2,1558048,1669019,8.95,900,8055.0
2026-03-20 09:30:42.220,20260320,93042220,000009.SZ,1669021,2,1583720,1669019,8.95,100,895.0
2026-03-20 09:30:42.220,20260320,93042220,000009.SZ,1669023,-1,0,1180209,0.0,1300,0.0
2026-03-20 09:30:42.310,20260320,93042310,000009.SZ,1670176,-1,0,1180431,0.0,200,0.0
2026-03-20 09:30:42.310,20260320,93042310,000009.SZ,1670203,-1,0,1180458,0.0,200,0.0
2026-03-20 09:30:43.130,20260320,93043130,000009.SZ,1681719,1,1681718,1653551,8.96,600,5376.0
2026-03-20 09:30:43.180,20260320,93043180,000009.SZ,1682473,1,1682472,1653551,8.96,500,4480.0
2026-03-20 09:30:43.180,20260320,93043180,000009.SZ,1682474,1,1682472,1674208,8.96,200,1792.0
2026-03-20 09:30:43.180,20260320,93043180,000009.SZ,1682475,1,1682472,1674842,8.96,100,896.0
2026-03-20 09:30:43.180,20260320,93043180,000009.SZ,1682481,1,1682480,1427942,8.97,3400,30498.0
2026-03-20 09:30:43.690,20260320,93043690,000009.SZ,1691389,-1,0,965282,0.0,300,0.0
2026-03-20 09:30:43.770,20260320,93043770,000009.SZ,1693102,2,1682472,1693101,8.96,200,1792.0
2026-03-20 09:30:43.770,20260320,93043770,000009.SZ,1693103,2,1583720,1693101,8.95,400,3580.0
2026-03-20 09:30:43.770,20260320,93043770,000009.SZ,1693104,2,1668462,1693101,8.95,200,1790.0
2026-03-20 09:30:43.770,20260320,93043770,000009.SZ,1693105,2,1668547,1693101,8.95,100,895.0
2026-03-20 09:30:43.770,20260320,93043770,000009.SZ,1693106,2,1668549,1693101,8.95,100,895.0
2026-03-20 09:30:43.770,20260320,93043770,000009.SZ,1693107,2,1668550,1693101,8.95,100,895.0
2026-03-20 09:30:43.770,20260320,93043770,000009.SZ,1693108,2,1668667,1693101,8.95,100,895.0
2026-03-20 09:30:43.780,20260320,93043780,000009.SZ,1693232,1,1693231,1427942,8.97,600,5382.0
2026-03-20 09:30:44.510,20260320,93044510,000009.SZ,1701412,2,1695889,1701411,8.96,1000,8960.0
2026-03-20 09:30:44.790,20260320,93044790,000009.SZ,1704558,2,1668710,1704557,8.95,200,1790.0
2026-03-20 09:30:44.790,20260320,93044790,000009.SZ,1704559,2,1668981,1704557,8.95,100,895.0
2026-03-20 09:30:44.790,20260320,93044790,000009.SZ,1704560,2,1669031,1704557,8.95,100,895.0
2026-03-20 09:30:45.150,20260320,93045150,000009.SZ,1709900,1,1709899,1704557,8.95,10600,94870.0
2026-03-20 09:30:45.150,20260320,93045150,000009.SZ,1709905,1,1709904,1704557,8.95,1200,10740.0
2026-03-20 09:30:45.150,20260320,93045150,000009.SZ,1709922,1,1709921,1704557,8.95,4200,37590.0
2026-03-20 09:30:45.160,20260320,93045160,000009.SZ,1709934,1,1709933,1704557,8.95,900,8055.0
2026-03-20 09:30:45.160,20260320,93045160,000009.SZ,1709938,1,1709937,1704557,8.95,5200,46540.0
2026-03-20 09:30:45.160,20260320,93045160,000009.SZ,1709943,1,1709942,1704557,8.95,4600,41170.0
2026-03-20 09:30:45.160,20260320,93045160,000009.SZ,1709945,1,1709944,1704557,8.95,5100,45645.0
2026-03-20 09:30:45.160,20260320,93045160,000009.SZ,1709947,1,1709946,1704557,8.95,17800,159310.0
2026-03-20 09:30:45.160,20260320,93045160,000009.SZ,1709989,2,1709946,1709988,8.95,300,2685.0
2026-03-20 09:30:45.160,20260320,93045160,000009.SZ,1709990,2,1709948,1709988,8.95,2100,18795.0
2026-03-20 09:30:45.170,20260320,93045170,000009.SZ,1710148,2,1709948,1710147,8.95,1200,10740.0
2026-03-20 09:30:45.170,20260320,93045170,000009.SZ,1710149,-1,0,1538680,0.0,6600,0.0
2026-03-20 09:30:45.210,20260320,93045210,000009.SZ,1710692,-1,0,992791,0.0,1000,0.0
2026-03-20 09:30:45.210,20260320,93045210,000009.SZ,1710696,-1,0,961671,0.0,500,0.0
2026-03-20 09:30:45.210,20260320,93045210,000009.SZ,1710697,-1,0,961590,0.0,400,0.0
2026-03-20 09:30:45.210,20260320,93045210,000009.SZ,1710698,-1,0,961988,0.0,1400,0.0
2026-03-20 09:30:45.300,20260320,93045300,000009.SZ,1712317,1,1712316,1701411,8.96,600,5376.0
2026-03-20 09:30:45.380,20260320,93045380,000009.SZ,1713624,2,1712316,1713623,8.96,400,3584.0
2026-03-20 09:30:45.630,20260320,93045630,000009.SZ,1718132,2,1709948,1718131,8.95,1600,14320.0
2026-03-20 09:30:45.800,20260320,93045800,000009.SZ,1721078,2,1709948,1721077,8.95,2900,25955.0
2026-03-20 09:30:46.080,20260320,93046080,000009.SZ,1725346,-1,0,1471041,0.0,800,0.0
2026-03-20 09:30:46.110,20260320,93046110,000009.SZ,1725830,2,1709948,1725829,8.95,1000,8950.0
2026-03-20 09:30:46.260,20260320,93046260,000009.SZ,1728594,2,1709948,1728593,8.95,700,6265.0
2026-03-20 09:30:46.800,20260320,93046800,000009.SZ,1737467,1,1737466,1713623,8.96,500,4480.0
2026-03-20 09:30:46.800,20260320,93046800,000009.SZ,1737468,1,1737466,1713627,8.96,100,896.0
2026-03-20 09:30:46.920,20260320,93046920,000009.SZ,1738948,1,1738947,1713627,8.96,400,3584.0
2026-03-20 09:30:46.920,20260320,93046920,000009.SZ,1738949,1,1738947,1713647,8.96,300,2688.0
2026-03-20 09:30:47.090,20260320,93047090,000009.SZ,1741277,2,1709948,1741276,8.95,800,7160.0
2026-03-20 09:30:47.390,20260320,93047390,000009.SZ,1744954,-1,303910,0,0.0,1000,0.0
2026-03-20 09:30:48.040,20260320,93048040,000009.SZ,1754897,2,1709948,1754896,8.95,600,5370.0
2026-03-20 09:30:48.040,20260320,93048040,000009.SZ,1754898,2,1709956,1754896,8.95,300,2685.0
2026-03-20 09:30:48.080,20260320,93048080,000009.SZ,1755527,-1,1740845,0,0.0,30200,0.0
2026-03-20 09:30:48.790,20260320,93048790,000009.SZ,1767544,2,1709956,1767543,8.95,900,8055.0
2026-03-20 09:30:48.790,20260320,93048790,000009.SZ,1767545,2,1710484,1767543,8.95,100,895.0
2026-03-20 09:30:48.790,20260320,93048790,000009.SZ,1767546,2,1710569,1767543,8.95,200,1790.0
2026-03-20 09:30:48.790,20260320,93048790,000009.SZ,1767547,2,1710598,1767543,8.95,100,895.0
2026-03-20 09:30:48.790,20260320,93048790,000009.SZ,1767548,2,1725695,1767543,8.95,300,2685.0
2026-03-20 09:30:49.420,20260320,93049420,000009.SZ,1776749,1,1776748,1713647,8.96,1000,8960.0
2026-03-20 09:30:49.890,20260320,93049890,000009.SZ,1784465,-1,547728,0,0.0,300,0.0
2026-03-20 09:30:49.960,20260320,93049960,000009.SZ,1785530,1,1785529,1713647,8.96,100,896.0
2026-03-20 09:30:49.960,20260320,93049960,000009.SZ,1785531,1,1785529,1713651,8.96,100,896.0
2026-03-20 09:30:49.960,20260320,93049960,000009.SZ,1785532,1,1785529,1713653,8.96,400,3584.0
2026-03-20 09:30:49.960,20260320,93049960,000009.SZ,1785533,1,1785529,1725109,8.96,2300,20608.0
2026-03-20 09:30:50.030,20260320,93050030,000009.SZ,1786555,1,1786554,1725109,8.96,3800,34048.0
2026-03-20 09:30:50.030,20260320,93050030,000009.SZ,1786556,1,1786554,1746288,8.96,100,896.0
2026-03-20 09:30:50.390,20260320,93050390,000009.SZ,1791501,1,1791500,1746288,8.96,1900,17024.0
2026-03-20 09:30:50.920,20260320,93050920,000009.SZ,1798780,1,1798779,1746288,8.96,1000,8960.0
2026-03-20 09:30:50.980,20260320,93050980,000009.SZ,1799612,1,1799611,1746288,8.96,600,5376.0
2026-03-20 09:30:51.230,20260320,93051230,000009.SZ,1803767,-1,0,1756820,0.0,3800,0.0
2026-03-20 09:30:51.250,20260320,93051250,000009.SZ,1803931,2,1725695,1803930,8.95,1700,15215.0
2026-03-20 09:30:51.250,20260320,93051250,000009.SZ,1803932,2,1729544,1803930,8.95,500,4475.0
2026-03-20 09:30:51.250,20260320,93051250,000009.SZ,1803933,2,1739653,1803930,8.95,5200,46540.0
2026-03-20 09:30:51.250,20260320,93051250,000009.SZ,1803934,2,1740777,1803930,8.95,3500,31325.0
2026-03-20 09:30:52.470,20260320,93052470,000009.SZ,1825460,-1,955960,0,0.0,500,0.0
2026-03-20 09:30:52.710,20260320,93052710,000009.SZ,1829971,2,1740777,1829970,8.95,5000,44750.0
2026-03-20 09:30:52.750,20260320,93052750,000009.SZ,1830628,1,1830627,1746288,8.96,500,4480.0
2026-03-20 09:30:53.480,20260320,93053480,000009.SZ,1841329,2,1740777,1841328,8.95,1000,8950.0
2026-03-20 09:30:54.330,20260320,93054330,000009.SZ,1853501,2,1740777,1853500,8.95,1500,13425.0
2026-03-20 09:30:54.330,20260320,93054330,000009.SZ,1853502,2,1743783,1853500,8.95,400,3580.0
2026-03-20 09:30:54.590,20260320,93054590,000009.SZ,1858666,1,1858665,1746288,8.96,600,5376.0
2026-03-20 09:30:55.360,20260320,93055360,000009.SZ,1869170,1,1869169,1746288,8.96,300,2688.0
2026-03-20 09:30:55.360,20260320,93055360,000009.SZ,1869171,1,1869169,1746622,8.96,100,896.0
2026-03-20 09:30:55.360,20260320,93055360,000009.SZ,1869172,1,1869169,1802381,8.96,400,3584.0
2026-03-20 09:30:55.360,20260320,93055360,000009.SZ,1869173,1,1869169,1809102,8.96,300,2688.0
2026-03-20 09:30:55.360,20260320,93055360,000009.SZ,1869174,1,1869169,1830487,8.96,200,1792.0
2026-03-20 09:30:55.360,20260320,93055360,000009.SZ,1869175,1,1869169,1834096,8.96,2700,24192.0
2026-03-20 09:30:55.420,20260320,93055420,000009.SZ,1870264,-1,0,1834096,0.0,1500,0.0
2026-03-20 09:30:56.020,20260320,93056020,000009.SZ,1878754,2,1743783,1878753,8.95,200,1790.0
2026-03-20 09:30:56.490,20260320,93056490,000009.SZ,1884953,1,1884952,1871374,8.96,2700,24192.0
2026-03-20 09:30:56.760,20260320,93056760,000009.SZ,1887947,1,1887946,1427942,8.97,600,5382.0
2026-03-20 09:30:57.080,20260320,93057080,000009.SZ,1891486,-1,443284,0,0.0,2000,0.0
2026-03-20 09:30:57.350,20260320,93057350,000009.SZ,1895299,1,1895298,1427942,8.97,600,5382.0
2026-03-20 09:30:57.460,20260320,93057460,000009.SZ,1896928,2,1884952,1896927,8.96,500,4480.0
2026-03-20 09:30:57.460,20260320,93057460,000009.SZ,1896929,2,1893527,1896927,8.96,100,896.0
2026-03-20 09:30:58.100,20260320,93058100,000009.SZ,1905252,1,1905251,1427942,8.97,600,5382.0
2026-03-20 09:30:58.710,20260320,93058710,000009.SZ,1913703,2,1893527,1913702,8.96,300,2688.0
2026-03-20 09:30:59.610,20260320,93059610,000009.SZ,1922991,1,1922990,1427942,8.97,600,5382.0
2026-03-20 09:30:59.690,20260320,93059690,000009.SZ,1923791,2,1893527,1923790,8.96,1000,8960.0
2026-03-20 09:30:59.710,20260320,93059710,000009.SZ,1923929,1,1923928,1923790,8.96,1000,8960.0
2026-03-20 09:31:00.010,20260320,93100010,000009.SZ,1926697,2,1924105,1926696,8.96,100,896.0
2026-03-20 09:31:01.070,20260320,93101070,000009.SZ,1944688,2,1924105,1944687,8.96,100,896.0
2026-03-20 09:31:01.970,20260320,93101970,000009.SZ,1959197,1,1959196,1427942,8.97,600,5382.0
2026-03-20 09:31:02.570,20260320,93102570,000009.SZ,1966320,1,1966319,1427942,8.97,1400,12558.0
2026-03-20 09:31:02.650,20260320,93102650,000009.SZ,1967259,2,1924105,1967258,8.96,100,896.0
2026-03-20 09:31:03.510,20260320,93103510,000009.SZ,1979451,-1,0,1885831,0.0,3900,0.0
2026-03-20 09:31:04.080,20260320,93104080,000009.SZ,1987554,1,1987553,1427942,8.97,900,8073.0
2026-03-20 09:31:04.150,20260320,93104150,000009.SZ,1988639,1,1988638,1427942,8.97,3500,31395.0
2026-03-20 09:31:04.180,20260320,93104180,000009.SZ,1989461,1,1989460,1427942,8.97,4000,35880.0
2026-03-20 09:31:04.210,20260320,93104210,000009.SZ,1990029,1,1990028,1427942,8.97,4200,37674.0
2026-03-20 09:31:04.210,20260320,93104210,000009.SZ,1990081,1,1990080,1427942,8.97,700,6279.0
2026-03-20 09:31:04.210,20260320,93104210,000009.SZ,1990082,1,1990080,1498456,8.97,100,897.0
2026-03-20 09:31:04.210,20260320,93104210,000009.SZ,1990083,1,1990080,1596801,8.97,700,6279.0
2026-03-20 09:31:04.210,20260320,93104210,000009.SZ,1990084,1,1990080,1677183,8.97,500,4485.0
2026-03-20 09:31:04.210,20260320,93104210,000009.SZ,1990085,1,1990080,1702701,8.97,500,4485.0
2026-03-20 09:31:04.210,20260320,93104210,000009.SZ,1990086,1,1990080,1926916,8.97,2900,26013.0
2026-03-20 09:31:04.210,20260320,93104210,000009.SZ,1990129,1,1990128,1926916,8.97,1900,17043.0
2026-03-20 09:31:04.210,20260320,93104210,000009.SZ,1990130,1,1990128,1966073,8.97,100,897.0
2026-03-20 09:31:04.250,20260320,93104250,000009.SZ,1990676,2,1990128,1990675,8.97,200,1794.0
2026-03-20 09:31:04.270,20260320,93104270,000009.SZ,1991059,-1,1924105,0,0.0,2600,0.0
2026-03-20 09:31:04.340,20260320,93104340,000009.SZ,1992262,1,1992261,1399070,8.98,600,5388.0
2026-03-20 09:31:04.470,20260320,93104470,000009.SZ,1994414,1,1994413,1399070,8.98,600,5388.0
2026-03-20 09:31:04.530,20260320,93104530,000009.SZ,1995324,2,1990128,1995323,8.97,10000,89700.0
2026-03-20 09:31:04.550,20260320,93104550,000009.SZ,1995520,1,1995519,1399070,8.98,100,898.0
2026-03-20 09:31:04.550,20260320,93104550,000009.SZ,1995617,1,1995616,1399070,8.98,700,6286.0
2026-03-20 09:31:04.690,20260320,93104690,000009.SZ,1998018,1,1998017,1399070,8.98,200,1796.0
2026-03-20 09:31:04.690,20260320,93104690,000009.SZ,1998019,1,1998017,1399849,8.98,700,6286.0
2026-03-20 09:31:04.690,20260320,93104690,000009.SZ,1998020,1,1998017,1400353,8.98,300,2694.0
2026-03-20 09:31:04.750,20260320,93104750,000009.SZ,1999113,2,1990128,1999112,8.97,700,6279.0
2026-03-20 09:31:04.790,20260320,93104790,000009.SZ,1999577,1,1999576,1400968,8.98,600,5388.0
2026-03-20 09:31:05.240,20260320,93105240,000009.SZ,2005424,-1,1990128,0,0.0,2700,0.0
2026-03-20 09:31:05.360,20260320,93105360,000009.SZ,2006777,2,1990508,2006776,8.97,100,897.0
2026-03-20 09:31:05.830,20260320,93105830,000009.SZ,2012992,-1,384931,0,0.0,1700,0.0
2026-03-20 09:31:06.080,20260320,93106080,000009.SZ,2015906,-1,1882125,0,0.0,1300,0.0
2026-03-20 09:31:06.510,20260320,93106510,000009.SZ,2023740,1,2023739,1400968,8.98,100,898.0
2026-03-20 09:31:06.510,20260320,93106510,000009.SZ,2023741,1,2023739,1402811,8.98,200,1796.0
2026-03-20 09:31:06.510,20260320,93106510,000009.SZ,2023742,1,2023739,1402939,8.98,700,6286.0
2026-03-20 09:31:06.510,20260320,93106510,000009.SZ,2023743,1,2023739,1403239,8.98,200,1796.0
2026-03-20 09:31:07.620,20260320,93107620,000009.SZ,2041058,1,2041057,1403239,8.98,500,4490.0
2026-03-20 09:31:07.620,20260320,93107620,000009.SZ,2041059,1,2041057,1403408,8.98,100,898.0
2026-03-20 09:31:07.650,20260320,93107650,000009.SZ,2041536,2,1990508,2041535,8.97,200,1794.0
2026-03-20 09:31:07.680,20260320,93107680,000009.SZ,2042086,1,2042085,1403886,8.98,600,5388.0
2026-03-20 09:31:08.460,20260320,93108460,000009.SZ,2051688,-1,1940977,0,0.0,200,0.0
2026-03-20 09:31:08.650,20260320,93108650,000009.SZ,2053620,1,2053619,1404990,8.98,200,1796.0
2026-03-20 09:31:09.080,20260320,93109080,000009.SZ,2058374,1,2058373,1404990,8.98,2300,20654.0
2026-03-20 09:31:09.080,20260320,93109080,000009.SZ,2058375,1,2058373,1405692,8.98,2100,18858.0
2026-03-20 09:31:09.150,20260320,93109150,000009.SZ,2059360,1,2059359,1405692,8.98,200,1796.0
2026-03-20 09:31:09.150,20260320,93109150,000009.SZ,2059370,1,2059369,1405692,8.98,100,898.0
2026-03-20 09:31:09.150,20260320,93109150,000009.SZ,2059371,1,2059369,1413089,8.98,100,898.0
2026-03-20 09:31:10.060,20260320,93110060,000009.SZ,2071413,1,2071412,1413089,8.98,500,4490.0
2026-03-20 09:31:10.060,20260320,93110060,000009.SZ,2071414,1,2071412,1706723,8.98,100,898.0
2026-03-20 09:31:10.260,20260320,93110260,000009.SZ,2074330,-1,2059287,0,0.0,200,0.0
2026-03-20 09:31:10.290,20260320,93110290,000009.SZ,2074803,1,2074802,1706723,8.98,2400,21552.0
2026-03-20 09:31:10.310,20260320,93110310,000009.SZ,2075055,1,2075054,1706723,8.98,3500,31430.0
2026-03-20 09:31:10.700,20260320,93110700,000009.SZ,2080863,1,2080862,1706723,8.98,300,2694.0
2026-03-20 09:31:10.830,20260320,93110830,000009.SZ,2082545,1,2082544,1706723,8.98,600,5388.0
2026-03-20 09:31:10.860,20260320,93110860,000009.SZ,2083159,2,1990508,2083158,8.97,900,8073.0
2026-03-20 09:31:11.450,20260320,93111450,000009.SZ,2089674,-1,0,1944817,0.0,500,0.0
2026-03-20 09:31:11.530,20260320,93111530,000009.SZ,2090550,-1,2006719,0,0.0,1800,0.0
2026-03-20 09:31:11.790,20260320,93111790,000009.SZ,2092798,1,2092797,1706723,8.98,1800,16164.0
2026-03-20 09:31:11.800,20260320,93111800,000009.SZ,2092932,1,2092931,1706723,8.98,2400,21552.0
2026-03-20 09:31:11.800,20260320,93111800,000009.SZ,2092933,1,2092931,1912436,8.98,700,6286.0
2026-03-20 09:31:11.800,20260320,93111800,000009.SZ,2092934,1,2092931,1990523,8.98,100,898.0
2026-03-20 09:31:11.800,20260320,93111800,000009.SZ,2092935,1,2092931,2059807,8.98,1400,12572.0
2026-03-20 09:31:11.810,20260320,93111810,000009.SZ,2093036,1,2093035,2059807,8.98,500,4490.0
2026-03-20 09:31:11.830,20260320,93111830,000009.SZ,2093207,-1,1990768,0,0.0,1100,0.0
2026-03-20 09:31:11.880,20260320,93111880,000009.SZ,2093833,2,2093038,2093832,8.98,800,7184.0
2026-03-20 09:31:12.150,20260320,93112150,000009.SZ,2096706,-1,1978677,0,0.0,11100,0.0
2026-03-20 09:31:13.030,20260320,93113030,000009.SZ,2107331,-1,2003738,0,0.0,300,0.0
2026-03-20 09:31:14.060,20260320,93114060,000009.SZ,2120246,-1,0,1848504,0.0,2000,0.0
2026-03-20 09:31:14.070,20260320,93114070,000009.SZ,2120368,-1,1944676,0,0.0,100,0.0
2026-03-20 09:31:14.200,20260320,93114200,000009.SZ,2122171,1,2122170,1215932,8.99,2000,17980.0
2026-03-20 09:31:14.200,20260320,93114200,000009.SZ,2122172,1,2122170,1473923,8.99,500,4495.0
2026-03-20 09:31:14.200,20260320,93114200,000009.SZ,2122173,1,2122170,1688244,8.99,1700,15283.0
2026-03-20 09:31:14.210,20260320,93114210,000009.SZ,2122332,1,2122331,1688244,8.99,300,2697.0
2026-03-20 09:31:14.220,20260320,93114220,000009.SZ,2122365,2,2093038,2122364,8.98,200,1796.0
2026-03-20 09:31:14.640,20260320,93114640,000009.SZ,2126397,1,2126396,2122917,8.99,100,899.0
2026-03-20 09:31:14.660,20260320,93114660,000009.SZ,2126511,-1,2093038,0,0.0,1600,0.0
2026-03-20 09:31:14.730,20260320,93114730,000009.SZ,2127037,2,2126396,2127036,8.99,100,899.0
2026-03-20 09:31:14.730,20260320,93114730,000009.SZ,2127157,2,2126396,2127156,8.99,100,899.0
2026-03-20 09:31:15.290,20260320,93115290,000009.SZ,2133319,-1,0,722845,0.0,1000,0.0
2026-03-20 09:31:15.310,20260320,93115310,000009.SZ,2133674,-1,0,355607,0.0,2000,0.0
2026-03-20 09:31:15.930,20260320,93115930,000009.SZ,2142672,1,2142671,2133352,8.99,400,3596.0
2026-03-20 09:31:15.930,20260320,93115930,000009.SZ,2142673,1,2142671,202574,9.0,200,1800.0
2026-03-20 09:31:15.970,20260320,93115970,000009.SZ,2143048,-1,0,580262,0.0,33100,0.0
2026-03-20 09:31:16.570,20260320,93116570,000009.SZ,2152865,2,2093085,2152864,8.98,200,1796.0
2026-03-20 09:31:16.600,20260320,93116600,000009.SZ,2153285,-1,2024564,0,0.0,200,0.0
2026-03-20 09:31:16.640,20260320,93116640,000009.SZ,2153912,1,2153911,202574,9.0,200,1800.0
2026-03-20 09:31:16.760,20260320,93116760,000009.SZ,2155888,1,2155887,202574,9.0,600,5400.0
2026-03-20 09:31:16.760,20260320,93116760,000009.SZ,2155889,1,2155887,228120,9.0,1000,9000.0
2026-03-20 09:31:16.760,20260320,93116760,000009.SZ,2155890,1,2155887,239605,9.0,100,900.0
2026-03-20 09:31:16.760,20260320,93116760,000009.SZ,2155891,1,2155887,330166,9.0,3100,27900.0
2026-03-20 09:31:17.400,20260320,93117400,000009.SZ,2163138,1,2163137,2162973,8.99,100,899.0
2026-03-20 09:31:17.660,20260320,93117660,000009.SZ,2165495,1,2165494,2162973,8.99,1400,12586.0
2026-03-20 09:31:17.720,20260320,93117720,000009.SZ,2166058,-1,319534,0,0.0,100,0.0
2026-03-20 09:31:18.170,20260320,93118170,000009.SZ,2170885,1,2170884,2162973,8.99,1500,13485.0
2026-03-20 09:31:18.170,20260320,93118170,000009.SZ,2170886,1,2170884,2170779,8.99,100,899.0
2026-03-20 09:31:18.210,20260320,93118210,000009.SZ,2171380,2,2093085,2171379,8.98,300,2694.0
2026-03-20 09:31:18.210,20260320,93118210,000009.SZ,2171381,2,2096766,2171379,8.98,700,6286.0
2026-03-20 09:31:18.230,20260320,93118230,000009.SZ,2171689,1,2171688,2170779,8.99,500,4495.0
2026-03-20 09:31:19.240,20260320,93119240,000009.SZ,2185208,1,2185207,330166,9.0,500,4500.0
2026-03-20 09:31:19.850,20260320,93119850,000009.SZ,2194334,-1,2050158,0,0.0,400,0.0
2026-03-20 09:31:19.860,20260320,93119860,000009.SZ,2194433,-1,2171688,0,0.0,100,0.0
2026-03-20 09:31:20.490,20260320,93120490,000009.SZ,2200663,1,2200662,330166,9.0,1400,12600.0
2026-03-20 09:31:20.490,20260320,93120490,000009.SZ,2200664,1,2200662,400543,9.0,400,3600.0
2026-03-20 09:31:20.490,20260320,93120490,000009.SZ,2200665,1,2200662,624126,9.0,1000,9000.0
2026-03-20 09:31:20.490,20260320,93120490,000009.SZ,2200666,1,2200662,640859,9.0,600,5400.0
2026-03-20 09:31:20.490,20260320,93120490,000009.SZ,2200667,1,2200662,741518,9.0,200,1800.0
2026-03-20 09:31:21.150,20260320,93121150,000009.SZ,2207810,2,2202514,2207809,8.99,200,1798.0
2026-03-20 09:31:21.150,20260320,93121150,000009.SZ,2207817,2,2202514,2207816,8.99,200,1798.0
2026-03-20 09:31:21.440,20260320,93121440,000009.SZ,2211616,2,2202514,2211615,8.99,200,1798.0
2026-03-20 09:31:21.670,20260320,93121670,000009.SZ,2215178,2,2202514,2215177,8.99,200,1798.0
2026-03-20 09:31:21.670,20260320,93121670,000009.SZ,2215179,2,2202637,2215177,8.99,100,899.0
2026-03-20 09:31:21.670,20260320,93121670,000009.SZ,2215180,2,2101859,2215177,8.98,400,3592.0
2026-03-20 09:31:21.810,20260320,93121810,000009.SZ,2217114,1,2217113,741518,9.0,100,900.0
2026-03-20 09:31:23.050,20260320,93123050,000009.SZ,2235214,1,2235213,741518,9.0,700,6300.0
2026-03-20 09:31:23.050,20260320,93123050,000009.SZ,2235215,1,2235213,959753,9.0,146,1314.0
2026-03-20 09:31:23.050,20260320,93123050,000009.SZ,2235216,1,2235213,1221312,9.0,1000,9000.0
2026-03-20 09:31:23.050,20260320,93123050,000009.SZ,2235217,1,2235213,2127350,9.0,1154,10386.0
2026-03-20 09:31:23.280,20260320,93123280,000009.SZ,2238201,1,2238200,2127350,9.0,1100,9900.0
2026-03-20 09:31:23.570,20260320,93123570,000009.SZ,2241503,-1,1923870,0,0.0,1000,0.0
2026-03-20 09:31:23.940,20260320,93123940,000009.SZ,2245080,2,2217010,2245079,8.99,500,4495.0
2026-03-20 09:31:23.960,20260320,93123960,000009.SZ,2245273,1,2245272,2245189,8.99,100,899.0
2026-03-20 09:31:23.960,20260320,93123960,000009.SZ,2245278,1,2245277,2245189,8.99,100,899.0
2026-03-20 09:31:24.150,20260320,93124150,000009.SZ,2247239,2,2101859,2247238,8.98,100,898.0
2026-03-20 09:31:24.150,20260320,93124150,000009.SZ,2247248,2,2101859,2247247,8.98,200,1796.0
2026-03-20 09:31:24.150,20260320,93124150,000009.SZ,2247249,2,2105455,2247247,8.98,100,898.0
2026-03-20 09:31:24.150,20260320,93124150,000009.SZ,2247264,2,2105455,2247263,8.98,100,898.0
2026-03-20 09:31:24.150,20260320,93124150,000009.SZ,2247265,2,2140546,2247263,8.98,600,5388.0
2026-03-20 09:31:24.150,20260320,93124150,000009.SZ,2247270,2,2140546,2247269,8.98,100,898.0
2026-03-20 09:31:24.150,20260320,93124150,000009.SZ,2247271,2,2141109,2247269,8.98,200,1796.0
2026-03-20 09:31:24.150,20260320,93124150,000009.SZ,2247285,2,2141109,2247284,8.98,100,898.0
2026-03-20 09:31:24.150,20260320,93124150,000009.SZ,2247292,2,2141109,2247291,8.98,200,1796.0
2026-03-20 09:31:24.150,20260320,93124150,000009.SZ,2247293,2,2141600,2247291,8.98,100,898.0
2026-03-20 09:31:24.150,20260320,93124150,000009.SZ,2247294,2,2143082,2247291,8.98,600,5388.0
2026-03-20 09:31:24.160,20260320,93124160,000009.SZ,2247525,1,2247524,2245189,8.99,600,5394.0
2026-03-20 09:31:24.570,20260320,93124570,000009.SZ,2252636,2,2143082,2252635,8.98,100,898.0
2026-03-20 09:31:24.570,20260320,93124570,000009.SZ,2252637,2,2173400,2252635,8.98,100,898.0
2026-03-20 09:31:24.570,20260320,93124570,000009.SZ,2252647,2,2173400,2252646,8.98,100,898.0
2026-03-20 09:31:24.590,20260320,93124590,000009.SZ,2253073,2,2173400,2253072,8.98,1800,16164.0
2026-03-20 09:31:24.590,20260320,93124590,000009.SZ,2253074,2,2181965,2253072,8.98,600,5388.0
2026-03-20 09:31:24.590,20260320,93124590,000009.SZ,2253075,2,2181983,2253072,8.98,600,5388.0
2026-03-20 09:31:24.590,20260320,93124590,000009.SZ,2253076,2,2185344,2253072,8.98,600,5388.0
2026-03-20 09:31:24.610,20260320,93124610,000009.SZ,2253406,-1,0,2127350,0.0,646,0.0
2026-03-20 09:31:24.680,20260320,93124680,000009.SZ,2254540,-1,0,2123228,0.0,4000,0.0
2026-03-20 09:31:24.700,20260320,93124700,000009.SZ,2254680,1,2254679,2245189,8.99,1000,8990.0
2026-03-20 09:31:24.820,20260320,93124820,000009.SZ,2256533,2,2185344,2256532,8.98,400,3592.0
2026-03-20 09:31:24.820,20260320,93124820,000009.SZ,2256534,2,1990508,2256532,8.97,500,4485.0
2026-03-20 09:31:24.820,20260320,93124820,000009.SZ,2256535,2,1990540,2256532,8.97,100,897.0
2026-03-20 09:31:25.880,20260320,93125880,000009.SZ,2271690,-1,0,1837525,0.0,1100,0.0
2026-03-20 09:31:26.000,20260320,93126000,000009.SZ,2273117,1,2273116,2245189,8.99,900,8091.0
2026-03-20 09:31:26.000,20260320,93126000,000009.SZ,2273118,1,2273116,2246760,8.99,100,899.0
2026-03-20 09:31:26.000,20260320,93126000,000009.SZ,2273119,1,2273116,2247631,8.99,100,899.0
2026-03-20 09:31:26.000,20260320,93126000,000009.SZ,2273120,1,2273116,2247782,8.99,100,899.0
2026-03-20 09:31:26.000,20260320,93126000,000009.SZ,2273121,1,2273116,2251835,8.99,600,5394.0
2026-03-20 09:31:27.150,20260320,93127150,000009.SZ,2286507,2,2259422,2286506,8.98,200,1796.0
2026-03-20 09:31:27.150,20260320,93127150,000009.SZ,2286571,2,2259422,2286570,8.98,900,8082.0
2026-03-20 09:31:29.140,20260320,93129140,000009.SZ,2311624,1,2311623,2286570,8.98,200,1796.0
2026-03-20 09:31:29.140,20260320,93129140,000009.SZ,2311625,1,2311623,2251835,8.99,200,1798.0
2026-03-20 09:31:29.460,20260320,93129460,000009.SZ,2314778,-1,0,39122,0.0,600,0.0
2026-03-20 09:31:29.910,20260320,93129910,000009.SZ,2319108,1,2319107,2251835,8.99,200,1798.0
2026-03-20 09:31:29.910,20260320,93129910,000009.SZ,2319109,1,2319107,2253454,8.99,400,3596.0
2026-03-20 09:31:30.150,20260320,93130150,000009.SZ,2322530,2,1990540,2322529,8.97,300,2691.0
2026-03-20 09:31:30.150,20260320,93130150,000009.SZ,2322536,2,1990540,2322535,8.97,600,5382.0
2026-03-20 09:31:30.150,20260320,93130150,000009.SZ,2322539,2,1990540,2322538,8.97,500,4485.0
2026-03-20 09:31:30.170,20260320,93130170,000009.SZ,2322799,-1,1990540,0,0.0,500,0.0
2026-03-20 09:31:30.320,20260320,93130320,000009.SZ,2324529,2,2012207,2324528,8.97,100,897.0
2026-03-20 09:31:30.670,20260320,93130670,000009.SZ,2329579,1,2329578,2321128,8.98,100,898.0
2026-03-20 09:31:30.670,20260320,93130670,000009.SZ,2329580,1,2329578,2321424,8.98,600,5388.0
2026-03-20 09:31:31.010,20260320,93131010,000009.SZ,2333172,1,2333171,2321424,8.98,1600,14368.0
2026-03-20 09:31:31.200,20260320,93131200,000009.SZ,2336262,1,2336261,2321424,8.98,400,3592.0
2026-03-20 09:31:31.200,20260320,93131200,000009.SZ,2336263,1,2336261,2322515,8.98,500,4490.0
2026-03-20 09:31:31.270,20260320,93131270,000009.SZ,2337117,1,2337116,2322515,8.98,600,5388.0
2026-03-20 09:31:31.380,20260320,93131380,000009.SZ,2338609,1,2338608,2322515,8.98,100,898.0
2026-03-20 09:31:31.380,20260320,93131380,000009.SZ,2338610,1,2338608,2322537,8.98,100,898.0
2026-03-20 09:31:31.380,20260320,93131380,000009.SZ,2338611,1,2338608,2322584,8.98,300,2694.0
2026-03-20 09:31:31.380,20260320,93131380,000009.SZ,2338612,1,2338608,2322588,8.98,300,2694.0
2026-03-20 09:31:31.380,20260320,93131380,000009.SZ,2338613,1,2338608,2322595,8.98,200,1796.0
2026-03-20 09:31:31.380,20260320,93131380,000009.SZ,2338614,1,2338608,2322734,8.98,300,2694.0
2026-03-20 09:31:31.380,20260320,93131380,000009.SZ,2338615,1,2338608,2322871,8.98,100,898.0
2026-03-20 09:31:31.380,20260320,93131380,000009.SZ,2338616,1,2338608,2253454,8.99,200,1798.0
2026-03-20 09:31:31.380,20260320,93131380,000009.SZ,2338617,1,2338608,2253462,8.99,2046,18393.54
2026-03-20 09:31:31.380,20260320,93131380,000009.SZ,2338618,1,2338608,2277270,8.99,354,3182.46
2026-03-20 09:31:32.180,20260320,93132180,000009.SZ,2349327,1,2349326,2277270,8.99,400,3596.0
2026-03-20 09:31:32.190,20260320,93132190,000009.SZ,2349508,1,2349507,2277270,8.99,100,899.0
2026-03-20 09:31:32.240,20260320,93132240,000009.SZ,2349932,1,2349931,2277270,8.99,146,1312.54
2026-03-20 09:31:32.240,20260320,93132240,000009.SZ,2349933,1,2349931,2287778,8.99,100,899.0
2026-03-20 09:31:32.240,20260320,93132240,000009.SZ,2349934,1,2349931,2300566,8.99,954,8576.46
2026-03-20 09:31:32.300,20260320,93132300,000009.SZ,2350749,2,2012207,2350748,8.97,100,897.0
2026-03-20 09:31:32.410,20260320,93132410,000009.SZ,2351717,2,2351609,2351716,8.98,300,2694.0
2026-03-20 09:31:32.420,20260320,93132420,000009.SZ,2351827,2,2351609,2351826,8.98,300,2694.0
2026-03-20 09:31:33.860,20260320,93133860,000009.SZ,2367509,-1,351141,0,0.0,1100,0.0
2026-03-20 09:31:34.250,20260320,93134250,000009.SZ,2372264,-1,2359173,0,0.0,200,0.0
2026-03-20 09:31:35.210,20260320,93135210,000009.SZ,2383622,-1,246544,0,0.0,100,0.0
2026-03-20 09:31:35.220,20260320,93135220,000009.SZ,2383707,2,2351609,2383706,8.98,400,3592.0
2026-03-20 09:31:35.220,20260320,93135220,000009.SZ,2383708,2,2353895,2383706,8.98,900,8082.0
2026-03-20 09:31:35.220,20260320,93135220,000009.SZ,2383709,2,2370478,2383706,8.98,3000,26940.0
2026-03-20 09:31:36.070,20260320,93136070,000009.SZ,2391527,-1,2017115,0,0.0,1200,0.0
2026-03-20 09:31:36.070,20260320,93136070,000009.SZ,2391528,-1,2016658,0,0.0,1600,0.0
2026-03-20 09:31:36.150,20260320,93136150,000009.SZ,2392366,2,2012207,2392365,8.97,300,2691.0
2026-03-20 09:31:36.550,20260320,93136550,000009.SZ,2396814,1,2396813,2396150,8.98,2600,23348.0
2026-03-20 09:31:36.550,20260320,93136550,000009.SZ,2396815,1,2396813,2396160,8.98,2600,23348.0
2026-03-20 09:31:36.550,20260320,93136550,000009.SZ,2396816,1,2396813,2300566,8.99,2046,18393.54
2026-03-20 09:31:36.550,20260320,93136550,000009.SZ,2396817,1,2396813,2310697,8.99,2000,17980.0
2026-03-20 09:31:36.550,20260320,93136550,000009.SZ,2396818,1,2396813,2323381,8.99,400,3596.0
2026-03-20 09:31:36.550,20260320,93136550,000009.SZ,2396819,1,2396813,2326645,8.99,600,5394.0
2026-03-20 09:31:36.550,20260320,93136550,000009.SZ,2396820,1,2396813,2331429,8.99,854,7677.46
2026-03-20 09:31:36.620,20260320,93136620,000009.SZ,2397823,1,2397822,2331429,8.99,146,1312.54
2026-03-20 09:31:36.620,20260320,93136620,000009.SZ,2397824,1,2397822,2350787,8.99,100,899.0
2026-03-20 09:31:36.620,20260320,93136620,000009.SZ,2397825,1,2397822,2352842,8.99,1000,8990.0
2026-03-20 09:31:36.620,20260320,93136620,000009.SZ,2397826,1,2397822,2358106,8.99,2354,21162.46
2026-03-20 09:31:37.220,20260320,93137220,000009.SZ,2405104,-1,0,1935764,0.0,1000,0.0
2026-03-20 09:31:37.890,20260320,93137890,000009.SZ,2412054,-1,0,954556,0.0,500,0.0
2026-03-20 09:31:38.120,20260320,93138120,000009.SZ,2414474,1,2414473,2408961,8.98,1800,16164.0
2026-03-20 09:31:38.700,20260320,93138700,000009.SZ,2420117,-1,0,2408961,0.0,700,0.0
2026-03-20 09:31:39.150,20260320,93139150,000009.SZ,2424096,2,2012207,2424095,8.97,200,1794.0
2026-03-20 09:31:39.600,20260320,93139600,000009.SZ,2429271,1,2429270,2358106,8.99,1000,8990.0
2026-03-20 09:31:39.680,20260320,93139680,000009.SZ,2430181,2,2012207,2430180,8.97,19,170.43
2026-03-20 09:31:39.990,20260320,93139990,000009.SZ,2433221,1,2433220,2358106,8.99,100,899.0
2026-03-20 09:31:40.010,20260320,93140010,000009.SZ,2433367,1,2433366,2358106,8.99,1546,13898.54
2026-03-20 09:31:40.010,20260320,93140010,000009.SZ,2433368,1,2433366,2378030,8.99,500,4495.0
2026-03-20 09:31:40.010,20260320,93140010,000009.SZ,2433369,1,2433366,2392629,8.99,254,2283.46
2026-03-20 09:31:41.150,20260320,93141150,000009.SZ,2446161,2,2012207,2446160,8.97,5,44.85
2026-03-20 09:31:41.950,20260320,93141950,000009.SZ,2453718,2,2453592,2453717,8.98,4600,41308.0
2026-03-20 09:31:41.950,20260320,93141950,000009.SZ,2453727,2,2453592,2453726,8.98,1700,15266.0
2026-03-20 09:31:41.950,20260320,93141950,000009.SZ,2453729,2,2453592,2453728,8.98,200,1796.0
2026-03-20 09:31:41.950,20260320,93141950,000009.SZ,2453817,-1,0,2392629,0.0,2746,0.0
2026-03-20 09:31:41.970,20260320,93141970,000009.SZ,2453964,-1,0,2433416,0.0,3900,0.0
2026-03-20 09:31:42.620,20260320,93142620,000009.SZ,2461970,1,2461969,2453728,8.98,600,5388.0
2026-03-20 09:31:42.620,20260320,93142620,000009.SZ,2461971,1,2461969,2453747,8.98,1300,11674.0
2026-03-20 09:31:42.620,20260320,93142620,000009.SZ,2461972,1,2461969,2453765,8.98,400,3592.0
2026-03-20 09:31:42.620,20260320,93142620,000009.SZ,2461973,1,2461969,2453810,8.98,300,2694.0
2026-03-20 09:31:42.620,20260320,93142620,000009.SZ,2461974,1,2461969,2453927,8.98,500,4490.0
2026-03-20 09:31:42.620,20260320,93142620,000009.SZ,2461975,1,2461969,2453956,8.98,500,4490.0
2026-03-20 09:31:42.620,20260320,93142620,000009.SZ,2461976,1,2461969,2453962,8.98,300,2694.0
2026-03-20 09:31:42.620,20260320,93142620,000009.SZ,2461977,1,2461969,2454326,8.98,400,3592.0
2026-03-20 09:31:42.630,20260320,93142630,000009.SZ,2462285,1,2462284,2454326,8.98,100,898.0
2026-03-20 09:31:43.730,20260320,93143730,000009.SZ,2474811,-1,2462295,0,0.0,100,0.0
2026-03-20 09:31:43.890,20260320,93143890,000009.SZ,2476238,1,2476237,2476173,8.98,400,3592.0
2026-03-20 09:31:43.910,20260320,93143910,000009.SZ,2476373,2,2476237,2476372,8.98,400,3592.0
2026-03-20 09:31:44.420,20260320,93144420,000009.SZ,2480819,-1,0,2289648,0.0,500,0.0
2026-03-20 09:31:44.450,20260320,93144450,000009.SZ,2481105,1,2481104,2476372,8.98,600,5388.0
2026-03-20 09:31:44.710,20260320,93144710,000009.SZ,2483318,-1,0,876109,0.0,15000,0.0
2026-03-20 09:31:45.270,20260320,93145270,000009.SZ,2488561,-1,317197,0,0.0,3300,0.0
2026-03-20 09:31:45.540,20260320,93145540,000009.SZ,2492149,1,2492148,2476372,8.98,1600,14368.0
2026-03-20 09:31:46.590,20260320,93146590,000009.SZ,2503804,-1,392331,0,0.0,3000,0.0
2026-03-20 09:31:46.720,20260320,93146720,000009.SZ,2505318,2,2012207,2505317,8.97,400,3588.0
2026-03-20 09:31:47.060,20260320,93147060,000009.SZ,2508679,2,2012207,2508678,8.97,25,224.25
2026-03-20 09:31:47.230,20260320,93147230,000009.SZ,2510356,1,2510355,2476372,8.98,500,4490.0
2026-03-20 09:31:47.680,20260320,93147680,000009.SZ,2514123,-1,0,2332649,0.0,500,0.0
2026-03-20 09:31:47.740,20260320,93147740,000009.SZ,2514601,1,2514600,2476372,8.98,600,5388.0
2026-03-20 09:31:47.830,20260320,93147830,000009.SZ,2515182,-1,0,2202507,0.0,1000,0.0
2026-03-20 09:31:48.150,20260320,93148150,000009.SZ,2518079,2,2012207,2518078,8.97,200,1794.0
2026-03-20 09:31:48.950,20260320,93148950,000009.SZ,2526346,1,2526345,2476372,8.98,1300,11674.0
2026-03-20 09:31:48.950,20260320,93148950,000009.SZ,2526347,1,2526345,2494426,8.98,700,6286.0
2026-03-20 09:31:48.950,20260320,93148950,000009.SZ,2526348,1,2526345,2498103,8.98,3000,26940.0
2026-03-20 09:31:50.070,20260320,93150070,000009.SZ,2537663,1,2537662,2498103,8.98,1300,11674.0
2026-03-20 09:31:50.070,20260320,93150070,000009.SZ,2537664,1,2537662,2500334,8.98,400,3592.0
2026-03-20 09:31:50.070,20260320,93150070,000009.SZ,2537665,1,2537662,2396821,8.99,1200,10788.0
2026-03-20 09:31:50.070,20260320,93150070,000009.SZ,2537666,1,2537662,2433517,8.99,900,8091.0
2026-03-20 09:31:50.070,20260320,93150070,000009.SZ,2537667,1,2537662,2456883,8.99,1000,8990.0
2026-03-20 09:31:50.570,20260320,93150570,000009.SZ,2541534,1,2541533,2456883,8.99,1000,8990.0
2026-03-20 09:31:50.570,20260320,93150570,000009.SZ,2541535,1,2541533,2537759,8.99,1400,12586.0
2026-03-20 09:31:51.070,20260320,93151070,000009.SZ,2545469,-1,1932478,0,0.0,700,0.0
2026-03-20 09:31:52.840,20260320,93152840,000009.SZ,2563119,1,2563118,2537759,8.99,4600,41354.0
2026-03-20 09:31:52.840,20260320,93152840,000009.SZ,2563120,1,2563118,2547483,8.99,1000,8990.0
2026-03-20 09:31:52.840,20260320,93152840,000009.SZ,2563121,1,2563118,2215819,9.0,100,900.0
2026-03-20 09:31:52.840,20260320,93152840,000009.SZ,2563122,1,2563118,2232080,9.0,300,2700.0
2026-03-20 09:31:56.350,20260320,93156350,000009.SZ,2597388,1,2597387,2563306,8.99,1200,10788.0
2026-03-20 09:31:57.050,20260320,93157050,000009.SZ,2602690,1,2602689,2563306,8.99,100,899.0
2026-03-20 09:31:57.300,20260320,93157300,000009.SZ,2605120,2,2571231,2605119,8.98,300,2694.0
2026-03-20 09:31:57.390,20260320,93157390,000009.SZ,2606064,1,2606063,2563306,8.99,400,3596.0
2026-03-20 09:31:57.470,20260320,93157470,000009.SZ,2606885,2,2571231,2606884,8.98,100,898.0
2026-03-20 09:31:59.160,20260320,93159160,000009.SZ,2622460,-1,0,2564527,0.0,500,0.0
2026-03-20 09:31:59.330,20260320,93159330,000009.SZ,2623922,1,2623921,2563306,8.99,600,5394.0
2026-03-20 09:32:00.150,20260320,93200150,000009.SZ,2631183,2,2571231,2631182,8.98,300,2694.0
2026-03-20 09:32:00.160,20260320,93200160,000009.SZ,2631333,1,2631332,2563306,8.99,100,899.0
2026-03-20 09:32:00.160,20260320,93200160,000009.SZ,2631334,1,2631332,2570332,8.99,300,2697.0
2026-03-20 09:32:00.160,20260320,93200160,000009.SZ,2631335,1,2631332,2583309,8.99,800,7192.0
2026-03-20 09:32:00.360,20260320,93200360,000009.SZ,2634220,2,2571231,2634219,8.98,100,898.0
2026-03-20 09:32:01.620,20260320,93201620,000009.SZ,2650780,1,2650779,2583309,8.99,500,4495.0
2026-03-20 09:32:01.620,20260320,93201620,000009.SZ,2650781,1,2650779,2601495,8.99,500,4495.0
2026-03-20 09:32:01.840,20260320,93201840,000009.SZ,2653297,1,2653296,2601495,8.99,200,1798.0
2026-03-20 09:32:02.190,20260320,93202190,000009.SZ,2657078,2,2596805,2657077,8.98,200,1796.0
2026-03-20 09:32:02.190,20260320,93202190,000009.SZ,2657079,2,2609866,2657077,8.98,1900,17062.0
2026-03-20 09:32:02.200,20260320,93202200,000009.SZ,2657160,2,2609866,2657159,8.98,1400,12572.0
2026-03-20 09:32:02.200,20260320,93202200,000009.SZ,2657161,2,2621527,2657159,8.98,1100,9878.0
2026-03-20 09:32:02.410,20260320,93202410,000009.SZ,2659219,1,2659218,2601495,8.99,300,2697.0
2026-03-20 09:32:02.650,20260320,93202650,000009.SZ,2661920,1,2661919,2601495,8.99,300,2697.0
2026-03-20 09:32:02.660,20260320,93202660,000009.SZ,2662010,1,2662009,2601495,8.99,1200,10788.0
2026-03-20 09:32:02.750,20260320,93202750,000009.SZ,2662978,1,2662977,2601495,8.99,300,2697.0
2026-03-20 09:32:02.750,20260320,93202750,000009.SZ,2662979,1,2662977,2611448,8.99,800,7192.0
2026-03-20 09:32:03.330,20260320,93203330,000009.SZ,2669089,2,2667379,2669088,8.98,100,898.0
2026-03-20 09:32:03.330,20260320,93203330,000009.SZ,2669090,2,2012207,2669088,8.97,100,897.0
2026-03-20 09:32:03.860,20260320,93203860,000009.SZ,2674656,1,2674655,2674546,8.98,100,898.0
2026-03-20 09:32:03.860,20260320,93203860,000009.SZ,2674664,1,2674663,2674546,8.98,100,898.0
2026-03-20 09:32:03.870,20260320,93203870,000009.SZ,2674697,-1,2547650,0,0.0,100,0.0
2026-03-20 09:32:03.870,20260320,93203870,000009.SZ,2674701,-1,2547625,0,0.0,100,0.0
2026-03-20 09:32:03.870,20260320,93203870,000009.SZ,2674704,-1,2547616,0,0.0,200,0.0
2026-03-20 09:32:06.070,20260320,93206070,000009.SZ,2696027,-1,2545767,0,0.0,1200,0.0
2026-03-20 09:32:06.080,20260320,93206080,000009.SZ,2696037,-1,2545757,0,0.0,700,0.0
2026-03-20 09:32:06.100,20260320,93206100,000009.SZ,2696316,-1,2545795,0,0.0,2100,0.0
2026-03-20 09:32:06.490,20260320,93206490,000009.SZ,2701470,2,2012207,2701469,8.97,200,1794.0
2026-03-20 09:32:07.420,20260320,93207420,000009.SZ,2713033,1,2713032,2674546,8.98,800,7184.0
2026-03-20 09:32:07.420,20260320,93207420,000009.SZ,2713034,1,2713032,2684120,8.98,700,6286.0
2026-03-20 09:32:07.420,20260320,93207420,000009.SZ,2713035,1,2713032,2697484,8.98,400,3592.0
2026-03-20 09:32:07.420,20260320,93207420,000009.SZ,2713036,1,2713032,2705823,8.98,300,2694.0
2026-03-20 09:32:07.420,20260320,93207420,000009.SZ,2713037,1,2713032,2712589,8.98,1800,16164.0
2026-03-20 09:32:08.730,20260320,93208730,000009.SZ,2726874,-1,1985227,0,0.0,1000,0.0
2026-03-20 09:32:09.300,20260320,93209300,000009.SZ,2732393,1,2732392,2712589,8.98,1300,11674.0
2026-03-20 09:32:09.650,20260320,93209650,000009.SZ,2736886,2,2012207,2736885,8.97,1200,10764.0
2026-03-20 09:32:09.680,20260320,93209680,000009.SZ,2737222,2,2012207,2737221,8.97,151,1354.47
2026-03-20 09:32:09.680,20260320,93209680,000009.SZ,2737223,2,2130615,2737221,8.97,100,897.0
2026-03-20 09:32:09.680,20260320,93209680,000009.SZ,2737224,2,2451459,2737221,8.97,1600,14352.0
2026-03-20 09:32:09.680,20260320,93209680,000009.SZ,2737225,2,2534765,2737221,8.97,100,897.0
2026-03-20 09:32:09.680,20260320,93209680,000009.SZ,2737226,2,2534770,2737221,8.97,100,897.0
2026-03-20 09:32:09.680,20260320,93209680,000009.SZ,2737227,2,2546014,2737221,8.97,5300,47541.0
2026-03-20 09:32:09.680,20260320,93209680,000009.SZ,2737228,2,2548779,2737221,8.97,1300,11661.0
2026-03-20 09:32:09.680,20260320,93209680,000009.SZ,2737229,2,2575332,2737221,8.97,500,4485.0
2026-03-20 09:32:09.680,20260320,93209680,000009.SZ,2737230,2,2591621,2737221,8.97,300,2691.0
2026-03-20 09:32:09.680,20260320,93209680,000009.SZ,2737231,2,2639053,2737221,8.97,500,4485.0
2026-03-20 09:32:09.680,20260320,93209680,000009.SZ,2737232,2,2723768,2737221,8.97,300,2691.0
2026-03-20 09:32:09.700,20260320,93209700,000009.SZ,2737383,1,2737382,2737221,8.97,100,897.0
2026-03-20 09:32:09.700,20260320,93209700,000009.SZ,2737387,1,2737386,2737221,8.97,200,1794.0
2026-03-20 09:32:09.700,20260320,93209700,000009.SZ,2737389,1,2737388,2737221,8.97,1800,16146.0
2026-03-20 09:32:09.700,20260320,93209700,000009.SZ,2737391,1,2737390,2737221,8.97,449,4027.53
2026-03-20 09:32:09.770,20260320,93209770,000009.SZ,2738022,-1,2737401,0,0.0,200,0.0
2026-03-20 09:32:09.790,20260320,93209790,000009.SZ,2738230,-1,2737441,0,0.0,200,0.0
2026-03-20 09:32:10.480,20260320,93210480,000009.SZ,2745478,1,2745477,2712589,8.98,500,4490.0
2026-03-20 09:32:10.710,20260320,93210710,000009.SZ,2748304,-1,2737390,0,0.0,1451,0.0
2026-03-20 09:32:10.710,20260320,93210710,000009.SZ,2748360,-1,2737394,0,0.0,1800,0.0
2026-03-20 09:32:10.710,20260320,93210710,000009.SZ,2748361,-1,2737393,0,0.0,100,0.0
2026-03-20 09:32:10.710,20260320,93210710,000009.SZ,2748362,-1,2737392,0,0.0,300,0.0
2026-03-20 09:32:10.710,20260320,93210710,000009.SZ,2748391,-1,2737424,0,0.0,100,0.0
2026-03-20 09:32:10.730,20260320,93210730,000009.SZ,2748485,-1,2737454,0,0.0,200,0.0
2026-03-20 09:32:10.750,20260320,93210750,000009.SZ,2748721,-1,2737541,0,0.0,400,0.0
2026-03-20 09:32:11.230,20260320,93211230,000009.SZ,2752970,1,2752969,2712589,8.98,100,898.0
2026-03-20 09:32:11.230,20260320,93211230,000009.SZ,2752973,1,2752972,2712589,8.98,100,898.0
2026-03-20 09:32:11.230,20260320,93211230,000009.SZ,2752975,1,2752974,2712589,8.98,100,898.0
2026-03-20 09:32:11.240,20260320,93211240,000009.SZ,2753060,1,2753059,2712589,8.98,1300,11674.0
2026-03-20 09:32:11.240,20260320,93211240,000009.SZ,2753061,1,2753059,2724486,8.98,700,6286.0
2026-03-20 09:32:11.240,20260320,93211240,000009.SZ,2753062,1,2753059,2738118,8.98,300,2694.0
2026-03-20 09:32:11.240,20260320,93211240,000009.SZ,2753063,1,2753059,2748780,8.98,600,5388.0
2026-03-20 09:32:11.240,20260320,93211240,000009.SZ,2753064,1,2753059,2749399,8.98,600,5388.0
2026-03-20 09:32:11.240,20260320,93211240,000009.SZ,2753065,1,2753059,2750292,8.98,700,6286.0
2026-03-20 09:32:11.240,20260320,93211240,000009.SZ,2753066,1,2753059,2611448,8.99,800,7192.0
2026-03-20 09:32:11.240,20260320,93211240,000009.SZ,2753067,1,2753059,2633231,8.99,1300,11687.0
2026-03-20 09:32:12.430,20260320,93212430,000009.SZ,2763708,-1,2753131,0,0.0,100,0.0
2026-03-20 09:32:12.450,20260320,93212450,000009.SZ,2763921,1,2763920,2633231,8.99,100,899.0
2026-03-20 09:32:14.400,20260320,93214400,000009.SZ,2785074,1,2785073,2633231,8.99,600,5394.0
2026-03-20 09:32:14.760,20260320,93214760,000009.SZ,2788128,1,2788127,2633231,8.99,300,2697.0
2026-03-20 09:32:14.780,20260320,93214780,000009.SZ,2788304,1,2788303,2633231,8.99,100,899.0
2026-03-20 09:32:14.780,20260320,93214780,000009.SZ,2788307,1,2788306,2633231,8.99,100,899.0
2026-03-20 09:32:14.800,20260320,93214800,000009.SZ,2788460,1,2788459,2633231,8.99,300,2697.0
2026-03-20 09:32:14.800,20260320,93214800,000009.SZ,2788462,1,2788461,2633231,8.99,100,899.0
2026-03-20 09:32:14.800,20260320,93214800,000009.SZ,2788466,1,2788465,2633231,8.99,100,899.0
2026-03-20 09:32:14.800,20260320,93214800,000009.SZ,2788472,1,2788471,2633231,8.99,100,899.0
2026-03-20 09:32:14.800,20260320,93214800,000009.SZ,2788482,1,2788481,2633231,8.99,100,899.0
2026-03-20 09:32:14.800,20260320,93214800,000009.SZ,2788495,1,2788494,2633231,8.99,200,1798.0
2026-03-20 09:32:14.810,20260320,93214810,000009.SZ,2788651,1,2788650,2633231,8.99,100,899.0
2026-03-20 09:32:14.820,20260320,93214820,000009.SZ,2788754,1,2788753,2633231,8.99,100,899.0
2026-03-20 09:32:14.820,20260320,93214820,000009.SZ,2788757,1,2788756,2633231,8.99,400,3596.0
2026-03-20 09:32:14.820,20260320,93214820,000009.SZ,2788766,1,2788765,2633231,8.99,100,899.0
2026-03-20 09:32:14.820,20260320,93214820,000009.SZ,2788768,1,2788767,2633231,8.99,100,899.0
2026-03-20 09:32:14.820,20260320,93214820,000009.SZ,2788770,1,2788769,2633231,8.99,100,899.0
2026-03-20 09:32:14.820,20260320,93214820,000009.SZ,2788772,1,2788771,2633231,8.99,100,899.0
2026-03-20 09:32:14.820,20260320,93214820,000009.SZ,2788774,1,2788773,2633231,8.99,100,899.0
2026-03-20 09:32:14.820,20260320,93214820,000009.SZ,2788782,1,2788781,2633231,8.99,100,899.0
2026-03-20 09:32:14.830,20260320,93214830,000009.SZ,2788897,1,2788896,2633231,8.99,100,899.0
2026-03-20 09:32:14.830,20260320,93214830,000009.SZ,2788902,1,2788901,2633231,8.99,200,1798.0
2026-03-20 09:32:14.850,20260320,93214850,000009.SZ,2789094,1,2789093,2633231,8.99,200,1798.0
2026-03-20 09:32:14.850,20260320,93214850,000009.SZ,2789125,1,2789124,2633231,8.99,100,899.0
2026-03-20 09:32:14.850,20260320,93214850,000009.SZ,2789127,1,2789126,2633231,8.99,100,899.0
2026-03-20 09:32:14.850,20260320,93214850,000009.SZ,2789130,1,2789129,2633231,8.99,100,899.0
2026-03-20 09:32:16.430,20260320,93216430,000009.SZ,2806356,1,2806355,2633231,8.99,100,899.0
2026-03-20 09:32:16.430,20260320,93216430,000009.SZ,2806370,1,2806369,2633231,8.99,200,1798.0
2026-03-20 09:32:16.440,20260320,93216440,000009.SZ,2806470,1,2806469,2633231,8.99,100,899.0
2026-03-20 09:32:16.440,20260320,93216440,000009.SZ,2806474,1,2806473,2633231,8.99,300,2697.0
2026-03-20 09:32:16.440,20260320,93216440,000009.SZ,2806476,1,2806475,2633231,8.99,500,4495.0
2026-03-20 09:32:16.450,20260320,93216450,000009.SZ,2806496,1,2806495,2633231,8.99,100,899.0
2026-03-20 09:32:16.460,20260320,93216460,000009.SZ,2806549,1,2806548,2633231,8.99,100,899.0
2026-03-20 09:32:16.460,20260320,93216460,000009.SZ,2806551,1,2806550,2633231,8.99,100,899.0
2026-03-20 09:32:16.460,20260320,93216460,000009.SZ,2806599,1,2806598,2633231,8.99,100,899.0
2026-03-20 09:32:16.460,20260320,93216460,000009.SZ,2806603,1,2806602,2633231,8.99,100,899.0
2026-03-20 09:32:16.460,20260320,93216460,000009.SZ,2806605,1,2806604,2633231,8.99,300,2697.0
2026-03-20 09:32:16.470,20260320,93216470,000009.SZ,2806631,1,2806630,2633231,8.99,200,1798.0
2026-03-20 09:32:16.470,20260320,93216470,000009.SZ,2806698,1,2806697,2633231,8.99,300,2697.0
2026-03-20 09:32:16.480,20260320,93216480,000009.SZ,2806776,1,2806775,2633231,8.99,100,899.0
2026-03-20 09:32:16.480,20260320,93216480,000009.SZ,2806781,1,2806780,2633231,8.99,200,1798.0
2026-03-20 09:32:16.480,20260320,93216480,000009.SZ,2806817,1,2806816,2633231,8.99,200,1798.0
2026-03-20 09:32:16.500,20260320,93216500,000009.SZ,2807000,1,2806999,2633231,8.99,900,8091.0
2026-03-20 09:32:16.510,20260320,93216510,000009.SZ,2807094,1,2807093,2633231,8.99,300,2697.0
2026-03-20 09:32:16.520,20260320,93216520,000009.SZ,2807134,1,2807133,2633231,8.99,100,899.0
2026-03-20 09:32:16.520,20260320,93216520,000009.SZ,2807136,1,2807135,2633231,8.99,100,899.0
2026-03-20 09:32:16.520,20260320,93216520,000009.SZ,2807146,1,2807145,2633231,8.99,300,2697.0
2026-03-20 09:32:16.520,20260320,93216520,000009.SZ,2807208,1,2807207,2633231,8.99,100,899.0
2026-03-20 09:32:16.530,20260320,93216530,000009.SZ,2807359,1,2807358,2633231,8.99,100,899.0
2026-03-20 09:32:16.540,20260320,93216540,000009.SZ,2807361,1,2807360,2633231,8.99,100,899.0
2026-03-20 09:32:16.570,20260320,93216570,000009.SZ,2807774,1,2807773,2633231,8.99,1500,13485.0
2026-03-20 09:32:16.570,20260320,93216570,000009.SZ,2807777,1,2807776,2633231,8.99,200,1798.0
2026-03-20 09:32:16.580,20260320,93216580,000009.SZ,2807881,1,2807880,2633231,8.99,100,899.0
2026-03-20 09:32:16.580,20260320,93216580,000009.SZ,2807884,1,2807883,2633231,8.99,100,899.0
2026-03-20 09:32:16.580,20260320,93216580,000009.SZ,2807889,1,2807888,2633231,8.99,100,899.0
2026-03-20 09:32:16.590,20260320,93216590,000009.SZ,2808003,1,2808002,2633231,8.99,100,899.0
2026-03-20 09:32:16.590,20260320,93216590,000009.SZ,2808005,1,2808004,2633231,8.99,300,2697.0
2026-03-20 09:32:16.600,20260320,93216600,000009.SZ,2808079,1,2808078,2633231,8.99,100,899.0
2026-03-20 09:32:16.630,20260320,93216630,000009.SZ,2808380,1,2808379,2633231,8.99,100,899.0
2026-03-20 09:32:17.340,20260320,93217340,000009.SZ,2814948,1,2814947,2633231,8.99,2000,17980.0
2026-03-20 09:32:17.340,20260320,93217340,000009.SZ,2814949,1,2814947,2637308,8.99,700,6293.0
2026-03-20 09:32:17.340,20260320,93217340,000009.SZ,2814950,1,2814947,2662788,8.99,3900,35061.0
2026-03-20 09:32:17.350,20260320,93217350,000009.SZ,2815104,1,2815103,2662788,8.99,100,899.0
2026-03-20 09:32:17.350,20260320,93217350,000009.SZ,2815105,1,2815103,2680395,8.99,2600,23374.0
2026-03-20 09:32:17.380,20260320,93217380,000009.SZ,2815296,1,2815295,2680395,8.99,7400,66526.0
2026-03-20 09:32:17.380,20260320,93217380,000009.SZ,2815297,1,2815295,2699968,8.99,300,2697.0
2026-03-20 09:32:17.380,20260320,93217380,000009.SZ,2815298,1,2815295,2703152,8.99,1000,8990.0
2026-03-20 09:32:17.380,20260320,93217380,000009.SZ,2815299,1,2815295,2718903,8.99,200,1798.0
2026-03-20 09:32:17.390,20260320,93217390,000009.SZ,2815461,1,2815460,2718903,8.99,200,1798.0
2026-03-20 09:32:17.390,20260320,93217390,000009.SZ,2815474,1,2815473,2718903,8.99,100,899.0
2026-03-20 09:32:17.390,20260320,93217390,000009.SZ,2815476,1,2815475,2718903,8.99,2300,20677.0
2026-03-20 09:32:17.390,20260320,93217390,000009.SZ,2815478,1,2815477,2718903,8.99,300,2697.0
2026-03-20 09:32:17.390,20260320,93217390,000009.SZ,2815480,1,2815479,2718903,8.99,1600,14384.0
2026-03-20 09:32:17.390,20260320,93217390,000009.SZ,2815481,1,2815479,2725781,8.99,600,5394.0
2026-03-20 09:32:17.390,20260320,93217390,000009.SZ,2815488,1,2815487,2725781,8.99,800,7192.0
2026-03-20 09:32:17.390,20260320,93217390,000009.SZ,2815489,1,2815487,2727404,8.99,2000,17980.0
2026-03-20 09:32:17.390,20260320,93217390,000009.SZ,2815490,1,2815487,2781833,8.99,1000,8990.0
2026-03-20 09:32:18.100,20260320,93218100,000009.SZ,2821105,-1,0,609409,0.0,1100,0.0
2026-03-20 09:32:18.150,20260320,93218150,000009.SZ,2821558,-1,0,632896,0.0,8200,0.0
2026-03-20 09:32:18.160,20260320,93218160,000009.SZ,2821608,1,2821607,2232080,9.0,300,2700.0
2026-03-20 09:32:18.410,20260320,93218410,000009.SZ,2824125,-1,2815499,0,0.0,3900,0.0
2026-03-20 09:32:18.410,20260320,93218410,000009.SZ,2824169,-1,2815523,0,0.0,100,0.0
2026-03-20 09:32:18.430,20260320,93218430,000009.SZ,2824309,-1,2815566,0,0.0,200,0.0
2026-03-20 09:32:18.670,20260320,93218670,000009.SZ,2827583,2,2815487,2827582,8.99,200,1798.0
2026-03-20 09:32:18.750,20260320,93218750,000009.SZ,2828519,-1,2818135,0,0.0,1100,0.0
2026-03-20 09:32:18.750,20260320,93218750,000009.SZ,2828522,-1,2818136,0,0.0,900,0.0
2026-03-20 09:32:18.970,20260320,93218970,000009.SZ,2830380,2,2815487,2830379,8.99,1300,11687.0
2026-03-20 09:32:18.970,20260320,93218970,000009.SZ,2830381,2,2820196,2830379,8.99,300,2697.0
2026-03-20 09:32:18.970,20260320,93218970,000009.SZ,2830382,2,2761108,2830379,8.98,400,3592.0
2026-03-20 09:32:20.090,20260320,93220090,000009.SZ,2841446,1,2841445,2232080,9.0,400,3600.0
2026-03-20 09:32:20.090,20260320,93220090,000009.SZ,2841447,1,2841445,2244938,9.0,3000,27000.0
2026-03-20 09:32:20.360,20260320,93220360,000009.SZ,2843465,1,2843464,2244938,9.0,1000,9000.0
2026-03-20 09:32:20.830,20260320,93220830,000009.SZ,2847261,2,2834876,2847260,8.99,1700,15283.0
2026-03-20 09:32:21.030,20260320,93221030,000009.SZ,2848757,2,2834876,2848756,8.99,1200,10788.0
2026-03-20 09:32:21.160,20260320,93221160,000009.SZ,2849845,1,2849844,2244938,9.0,600,5400.0
2026-03-20 09:32:22.170,20260320,93222170,000009.SZ,2859913,1,2859912,2244938,9.0,1800,16200.0
2026-03-20 09:32:22.180,20260320,93222180,000009.SZ,2860013,2,2834876,2860012,8.99,400,3596.0
2026-03-20 09:32:22.440,20260320,93222440,000009.SZ,2862920,1,2862919,2244938,9.0,300,2700.0
2026-03-20 09:32:22.760,20260320,93222760,000009.SZ,2866269,-1,359283,0,0.0,300,0.0
2026-03-20 09:32:24.350,20260320,93224350,000009.SZ,2880681,2,2834876,2880680,8.99,500,4495.0
2026-03-20 09:32:25.200,20260320,93225200,000009.SZ,2889113,1,2889112,2244938,9.0,6000,54000.0
2026-03-20 09:32:26.860,20260320,93226860,000009.SZ,2904119,1,2904118,2244938,9.0,7200,64800.0
2026-03-20 09:32:26.870,20260320,93226870,000009.SZ,2904268,1,2904267,2244938,9.0,100,900.0
2026-03-20 09:32:28.370,20260320,93228370,000009.SZ,2917690,1,2917689,2244938,9.0,6500,58500.0
2026-03-20 09:32:29.050,20260320,93229050,000009.SZ,2922927,1,2922926,2244938,9.0,900,8100.0
2026-03-20 09:32:29.270,20260320,93229270,000009.SZ,2925304,1,2925303,2244938,9.0,900,8100.0
2026-03-20 09:32:29.410,20260320,93229410,000009.SZ,2926391,-1,0,2832814,0.0,200,0.0
2026-03-20 09:32:29.830,20260320,93229830,000009.SZ,2930022,1,2930021,2244938,9.0,1100,9900.0
2026-03-20 09:32:29.840,20260320,93229840,000009.SZ,2930100,1,2930099,2244938,9.0,2800,25200.0
2026-03-20 09:32:29.850,20260320,93229850,000009.SZ,2930193,1,2930192,2244938,9.0,300,2700.0
2026-03-20 09:32:29.850,20260320,93229850,000009.SZ,2930195,1,2930194,2244938,9.0,200,1800.0
2026-03-20 09:32:29.850,20260320,93229850,000009.SZ,2930197,1,2930196,2244938,9.0,5800,52200.0
2026-03-20 09:32:29.860,20260320,93229860,000009.SZ,2930249,1,2930248,2244938,9.0,200,1800.0
2026-03-20 09:32:29.860,20260320,93229860,000009.SZ,2930300,1,2930299,2244938,9.0,100,900.0
2026-03-20 09:32:29.860,20260320,93229860,000009.SZ,2930303,1,2930302,2244938,9.0,5800,52200.0
2026-03-20 09:32:29.870,20260320,93229870,000009.SZ,2930335,1,2930334,2244938,9.0,7100,63900.0
2026-03-20 09:32:29.870,20260320,93229870,000009.SZ,2930336,1,2930334,2248387,9.0,100,900.0
2026-03-20 09:32:29.870,20260320,93229870,000009.SZ,2930337,1,2930334,2391462,9.0,500,4500.0
2026-03-20 09:32:29.870,20260320,93229870,000009.SZ,2930338,1,2930334,2438704,9.0,1000,9000.0
2026-03-20 09:32:29.870,20260320,93229870,000009.SZ,2930339,1,2930334,2463012,9.0,100,900.0
2026-03-20 09:32:29.870,20260320,93229870,000009.SZ,2930340,1,2930334,2472305,9.0,8500,76500.0
2026-03-20 09:32:29.870,20260320,93229870,000009.SZ,2930374,1,2930373,2472305,9.0,3600,32400.0
2026-03-20 09:32:29.880,20260320,93229880,000009.SZ,2930443,1,2930442,2472305,9.0,8900,80100.0
2026-03-20 09:32:29.880,20260320,93229880,000009.SZ,2930462,1,2930461,2472305,9.0,200,1800.0
2026-03-20 09:32:29.880,20260320,93229880,000009.SZ,2930464,1,2930463,2472305,9.0,400,3600.0
2026-03-20 09:32:29.880,20260320,93229880,000009.SZ,2930488,1,2930487,2472305,9.0,12000,108000.0
2026-03-20 09:32:29.880,20260320,93229880,000009.SZ,2930489,1,2930487,2611912,9.0,500,4500.0
2026-03-20 09:32:29.880,20260320,93229880,000009.SZ,2930490,1,2930487,2659510,9.0,9300,83700.0
2026-03-20 09:32:29.890,20260320,93229890,000009.SZ,2930498,-1,2753315,0,0.0,3900,0.0
2026-03-20 09:32:29.890,20260320,93229890,000009.SZ,2930543,1,2930542,2659510,9.0,10400,93600.0
2026-03-20 09:32:29.890,20260320,93229890,000009.SZ,2930546,1,2930545,2659510,9.0,300,2700.0
2026-03-20 09:32:29.890,20260320,93229890,000009.SZ,2930547,1,2930545,2666748,9.0,200,1800.0
2026-03-20 09:32:29.890,20260320,93229890,000009.SZ,2930549,1,2930548,2666748,9.0,100,900.0
2026-03-20 09:32:29.890,20260320,93229890,000009.SZ,2930551,1,2930550,2666748,9.0,200,1800.0
2026-03-20 09:32:29.890,20260320,93229890,000009.SZ,2930552,1,2930550,2910068,9.0,1000,9000.0
2026-03-20 09:32:29.940,20260320,93229940,000009.SZ,2930939,-1,2830511,0,0.0,100,0.0
2026-03-20 09:32:29.940,20260320,93229940,000009.SZ,2930940,-1,2830512,0,0.0,200,0.0
2026-03-20 09:32:29.940,20260320,93229940,000009.SZ,2930945,-1,2830531,0,0.0,100,0.0
2026-03-20 09:32:30.400,20260320,93230400,000009.SZ,2935917,1,2935916,155175,9.01,100,901.0
2026-03-20 09:32:30.400,20260320,93230400,000009.SZ,2935918,1,2935916,230355,9.01,100,901.0
2026-03-20 09:32:30.400,20260320,93230400,000009.SZ,2935919,1,2935916,780149,9.01,1000,9010.0
2026-03-20 09:32:30.560,20260320,93230560,000009.SZ,2937386,-1,230356,0,0.0,100,0.0
2026-03-20 09:32:30.700,20260320,93230700,000009.SZ,2939552,1,2939551,1209058,9.01,600,5406.0
2026-03-20 09:32:30.910,20260320,93230910,000009.SZ,2941739,-1,2819577,0,0.0,100,0.0
2026-03-20 09:32:30.980,20260320,93230980,000009.SZ,2942437,-1,2930554,0,0.0,100,0.0
2026-03-20 09:32:31.080,20260320,93231080,000009.SZ,2943687,1,2943686,2121751,9.01,100,901.0
2026-03-20 09:32:31.920,20260320,93231920,000009.SZ,2952224,-1,2930566,0,0.0,600,0.0
2026-03-20 09:32:31.920,20260320,93231920,000009.SZ,2952228,-1,2930567,0,0.0,600,0.0
2026-03-20 09:32:32.760,20260320,93232760,000009.SZ,2959259,2,2930550,2959258,9.0,2700,24300.0
2026-03-20 09:32:32.760,20260320,93232760,000009.SZ,2959260,2,2930595,2959258,9.0,5500,49500.0
2026-03-20 09:32:32.760,20260320,93232760,000009.SZ,2959261,2,2930627,2959258,9.0,400,3600.0
2026-03-20 09:32:32.760,20260320,93232760,000009.SZ,2959262,2,2930629,2959258,9.0,1200,10800.0
2026-03-20 09:32:32.760,20260320,93232760,000009.SZ,2959263,2,2930636,2959258,9.0,200,1800.0
2026-03-20 09:32:32.770,20260320,93232770,000009.SZ,2959352,1,2959351,2121751,9.01,100,901.0
2026-03-20 09:32:32.770,20260320,93232770,000009.SZ,2959354,-1,2930650,0,0.0,1800,0.0
2026-03-20 09:32:32.770,20260320,93232770,000009.SZ,2959356,-1,2930648,0,0.0,1800,0.0
2026-03-20 09:32:32.770,20260320,93232770,000009.SZ,2959366,-1,2930645,0,0.0,1800,0.0
2026-03-20 09:32:32.770,20260320,93232770,000009.SZ,2959369,-1,2930654,0,0.0,1800,0.0
2026-03-20 09:32:32.770,20260320,93232770,000009.SZ,2959370,-1,2930653,0,0.0,1800,0.0
2026-03-20 09:32:32.770,20260320,93232770,000009.SZ,2959376,-1,2930636,0,0.0,1600,0.0
2026-03-20 09:32:32.770,20260320,93232770,000009.SZ,2959378,-1,2930674,0,0.0,1800,0.0
2026-03-20 09:32:33.930,20260320,93233930,000009.SZ,2970232,1,2970231,2121751,9.01,100,901.0
2026-03-20 09:32:34.450,20260320,93234450,000009.SZ,2975401,1,2975400,2121751,9.01,300,2703.0
2026-03-20 09:32:34.500,20260320,93234500,000009.SZ,2975920,-1,0,2943507,0.0,7200,0.0
2026-03-20 09:32:34.510,20260320,93234510,000009.SZ,2975948,2,2930873,2975947,9.0,100,900.0
2026-03-20 09:32:34.510,20260320,93234510,000009.SZ,2975949,2,2930968,2975947,9.0,600,5400.0
2026-03-20 09:32:34.510,20260320,93234510,000009.SZ,2975950,2,2949673,2975947,9.0,600,5400.0
2026-03-20 09:32:34.580,20260320,93234580,000009.SZ,2976563,2,2949673,2976562,9.0,200,1800.0
2026-03-20 09:32:34.580,20260320,93234580,000009.SZ,2976564,2,2952155,2976562,9.0,100,900.0
2026-03-20 09:32:34.580,20260320,93234580,000009.SZ,2976565,2,2975001,2976562,9.0,200,1800.0
2026-03-20 09:32:34.590,20260320,93234590,000009.SZ,2976665,1,2976664,2976562,9.0,600,5400.0
2026-03-20 09:32:35.180,20260320,93235180,000009.SZ,2981790,-1,0,2861921,0.0,500,0.0
2026-03-20 09:32:35.660,20260320,93235660,000009.SZ,2985703,1,2985702,2976562,9.0,700,6300.0
2026-03-20 09:32:35.680,20260320,93235680,000009.SZ,2985815,1,2985814,2121751,9.01,100,901.0
2026-03-20 09:32:35.750,20260320,93235750,000009.SZ,2986350,2,2985702,2986349,9.0,100,900.0
2026-03-20 09:32:35.780,20260320,93235780,000009.SZ,2986569,1,2986568,2121751,9.01,1000,9010.0
2026-03-20 09:32:35.780,20260320,93235780,000009.SZ,2986570,1,2986568,2933128,9.01,300,2703.0
2026-03-20 09:32:35.780,20260320,93235780,000009.SZ,2986571,1,2986568,16294,9.02,1100,9922.0
2026-03-20 09:32:35.790,20260320,93235790,000009.SZ,2986659,-1,2930246,0,0.0,4200,0.0
2026-03-20 09:32:35.800,20260320,93235800,000009.SZ,2986699,1,2986698,2986624,9.01,100,901.0
2026-03-20 09:32:36.430,20260320,93236430,000009.SZ,2992245,-1,0,1341955,0.0,2000,0.0
2026-03-20 09:32:36.920,20260320,93236920,000009.SZ,2997343,-1,2907294,0,0.0,1000,0.0
2026-03-20 09:32:37.690,20260320,93237690,000009.SZ,3005469,-1,0,2986624,0.0,2400,0.0
2026-03-20 09:32:38.360,20260320,93238360,000009.SZ,3011014,-1,2479141,0,0.0,200,0.0
2026-03-20 09:32:38.900,20260320,93238900,000009.SZ,3015723,-1,2918442,0,0.0,3000,0.0
2026-03-20 09:32:39.040,20260320,93239040,000009.SZ,3016685,2,3009446,3016684,9.01,100,901.0
2026-03-20 09:32:39.040,20260320,93239040,000009.SZ,3016686,2,2985702,3016684,9.0,1100,9900.0
2026-03-20 09:32:39.040,20260320,93239040,000009.SZ,3016769,-1,1852628,0,0.0,900,0.0
2026-03-20 09:32:39.050,20260320,93239050,000009.SZ,3016844,-1,2986646,0,0.0,5400,0.0
2026-03-20 09:32:39.610,20260320,93239610,000009.SZ,3022877,1,3022876,3018276,9.01,100,901.0
2026-03-20 09:32:39.770,20260320,93239770,000009.SZ,3024937,2,3022876,3024936,9.01,200,1802.0
2026-03-20 09:32:40.430,20260320,93240430,000009.SZ,3034714,-1,292551,0,0.0,200,0.0
2026-03-20 09:32:40.860,20260320,93240860,000009.SZ,3040352,-1,0,602441,0.0,3000,0.0
2026-03-20 09:32:41.370,20260320,93241370,000009.SZ,3046415,2,2985702,3046414,9.0,500,4500.0
2026-03-20 09:32:41.440,20260320,93241440,000009.SZ,3047222,1,3047221,3024936,9.01,300,2703.0
2026-03-20 09:32:41.540,20260320,93241540,000009.SZ,3048156,-1,2794134,0,0.0,500,0.0
2026-03-20 09:32:42.410,20260320,93242410,000009.SZ,3057652,-1,1824850,0,0.0,500,0.0
2026-03-20 09:32:42.450,20260320,93242450,000009.SZ,3058181,1,3058180,3024936,9.01,300,2703.0
2026-03-20 09:32:42.600,20260320,93242600,000009.SZ,3060006,2,2985702,3060005,9.0,1500,13500.0
2026-03-20 09:32:43.200,20260320,93243200,000009.SZ,3067280,-1,2986713,0,0.0,5400,0.0
2026-03-20 09:32:43.310,20260320,93243310,000009.SZ,3068529,1,3068528,3024936,9.01,1500,13515.0
2026-03-20 09:32:45.310,20260320,93245310,000009.SZ,3087643,2,2985702,3087642,9.0,2600,23400.0
2026-03-20 09:32:45.310,20260320,93245310,000009.SZ,3087644,2,2989855,3087642,9.0,3000,27000.0
2026-03-20 09:32:45.310,20260320,93245310,000009.SZ,3087645,2,3005391,3087642,9.0,1000,9000.0
2026-03-20 09:32:45.310,20260320,93245310,000009.SZ,3087646,2,3014219,3087642,9.0,500,4500.0
2026-03-20 09:32:45.310,20260320,93245310,000009.SZ,3087647,2,3018948,3087642,9.0,100,900.0
2026-03-20 09:32:45.310,20260320,93245310,000009.SZ,3087648,2,3070387,3087642,9.0,4100,36900.0
2026-03-20 09:32:45.310,20260320,93245310,000009.SZ,3087649,2,3083424,3087642,9.0,2000,18000.0
2026-03-20 09:32:45.330,20260320,93245330,000009.SZ,3087823,-1,2930314,0,0.0,5300,0.0
2026-03-20 09:32:45.440,20260320,93245440,000009.SZ,3088847,-1,0,104141,0.0,5000,0.0
2026-03-20 09:32:45.450,20260320,93245450,000009.SZ,3088945,-1,543599,0,0.0,8000,0.0
2026-03-20 09:32:45.730,20260320,93245730,000009.SZ,3091510,1,3091509,3087642,9.0,600,5400.0
2026-03-20 09:32:45.860,20260320,93245860,000009.SZ,3092691,1,3092690,3087642,9.0,600,5400.0
2026-03-20 09:32:46.130,20260320,93246130,000009.SZ,3095096,1,3095095,3087642,9.0,600,5400.0
2026-03-20 09:32:46.380,20260320,93246380,000009.SZ,3097283,1,3097282,3087642,9.0,4000,36000.0
2026-03-20 09:32:47.110,20260320,93247110,000009.SZ,3103951,1,3103950,3087642,9.0,200,1800.0
2026-03-20 09:32:47.190,20260320,93247190,000009.SZ,3104575,-1,0,3088423,0.0,5400,0.0
2026-03-20 09:32:47.700,20260320,93247700,000009.SZ,3108590,1,3108589,3087642,9.0,500,4500.0
2026-03-20 09:32:50.060,20260320,93250060,000009.SZ,3130541,1,3130540,3087642,9.0,100,900.0
2026-03-20 09:32:52.090,20260320,93252090,000009.SZ,3147923,1,3147922,3087642,9.0,2400,21600.0
2026-03-20 09:32:52.120,20260320,93252120,000009.SZ,3148288,1,3148287,3087642,9.0,500,4500.0
2026-03-20 09:32:52.230,20260320,93252230,000009.SZ,3149670,1,3149669,3087642,9.0,800,7200.0
2026-03-20 09:32:52.510,20260320,93252510,000009.SZ,3153133,2,2834876,3153132,8.99,900,8091.0
2026-03-20 09:32:52.560,20260320,93252560,000009.SZ,3153675,-1,224332,0,0.0,100,0.0
2026-03-20 09:32:53.250,20260320,93253250,000009.SZ,3159931,1,3159930,3087642,9.0,1200,10800.0
2026-03-20 09:32:54.100,20260320,93254100,000009.SZ,3166956,1,3166955,3087642,9.0,700,6300.0
2026-03-20 09:32:54.130,20260320,93254130,000009.SZ,3167198,1,3167197,3087642,9.0,2400,21600.0
