timestamp,date,stamp,code,order_no,bs_flag,order_type,order_price,order_volume
2026-04-07 09:15:00.040,20260407,91500040,000009.SZ,1665,1,0,8.15,100
2026-04-07 09:15:00.040,20260407,91500040,000009.SZ,2244,2,0,9.27,100
2026-04-07 09:15:00.040,20260407,91500040,000009.SZ,3289,1,0,8.43,2000
2026-04-07 09:15:00.040,20260407,91500040,000009.SZ,3355,2,0,9.27,1100
2026-04-07 09:15:00.040,20260407,91500040,000009.SZ,3370,1,0,8.4,500
2026-04-07 09:15:00.050,20260407,91500050,000009.SZ,5238,2,0,8.57,500
2026-04-07 09:15:00.050,20260407,91500050,000009.SZ,5239,2,0,8.65,500
2026-04-07 09:15:00.050,20260407,91500050,000009.SZ,5781,1,0,8.43,1000
2026-04-07 09:15:00.050,20260407,91500050,000009.SZ,6111,2,0,9.06,600
2026-04-07 09:15:00.050,20260407,91500050,000009.SZ,6813,2,0,8.43,500
2026-04-07 09:15:00.050,20260407,91500050,000009.SZ,6918,1,0,8.18,200
2026-04-07 09:15:00.050,20260407,91500050,000009.SZ,7194,2,0,8.68,700
2026-04-07 09:15:00.050,20260407,91500050,000009.SZ,7487,2,0,9.27,3000
2026-04-07 09:15:00.050,20260407,91500050,000009.SZ,7810,2,0,9.2,2100
2026-04-07 09:15:00.050,20260407,91500050,000009.SZ,7945,2,0,8.88,3000
2026-04-07 09:15:00.050,20260407,91500050,000009.SZ,8444,2,0,8.59,500
2026-04-07 09:15:00.060,20260407,91500060,000009.SZ,8739,1,0,8.39,2000
2026-04-07 09:15:00.060,20260407,91500060,000009.SZ,8764,1,0,7.87,100
2026-04-07 09:15:00.060,20260407,91500060,000009.SZ,10671,2,0,8.42,200
2026-04-07 09:15:00.060,20260407,91500060,000009.SZ,11333,2,0,9.04,1000
2026-04-07 09:15:00.060,20260407,91500060,000009.SZ,12023,2,0,9.27,100
2026-04-07 09:15:00.060,20260407,91500060,000009.SZ,12024,2,0,9.19,100
2026-04-07 09:15:00.060,20260407,91500060,000009.SZ,12025,2,0,9.09,100
2026-04-07 09:15:00.060,20260407,91500060,000009.SZ,12096,1,0,8.08,700
2026-04-07 09:15:00.060,20260407,91500060,000009.SZ,12100,1,0,7.77,700
2026-04-07 09:15:00.060,20260407,91500060,000009.SZ,12242,2,0,8.71,239500
2026-04-07 09:15:00.060,20260407,91500060,000009.SZ,12246,2,0,8.99,100
2026-04-07 09:15:00.060,20260407,91500060,000009.SZ,12323,2,0,8.89,100
2026-04-07 09:15:00.060,20260407,91500060,000009.SZ,12472,2,0,9.27,300
2026-04-07 09:15:00.060,20260407,91500060,000009.SZ,12876,2,0,8.89,1000
2026-04-07 09:15:00.070,20260407,91500070,000009.SZ,13671,1,0,8.43,100
2026-04-07 09:15:00.070,20260407,91500070,000009.SZ,13753,1,0,8.43,200
2026-04-07 09:15:00.070,20260407,91500070,000009.SZ,14022,1,0,8.0,1000
2026-04-07 09:15:00.070,20260407,91500070,000009.SZ,14090,2,0,9.0,100
2026-04-07 09:15:00.070,20260407,91500070,000009.SZ,14963,1,0,8.3,100
2026-04-07 09:15:00.070,20260407,91500070,000009.SZ,14964,1,0,7.9,100
2026-04-07 09:15:00.070,20260407,91500070,000009.SZ,15504,2,0,8.8,1000
2026-04-07 09:15:00.070,20260407,91500070,000009.SZ,15730,2,0,8.74,700
2026-04-07 09:15:00.070,20260407,91500070,000009.SZ,15979,1,0,8.25,1000
2026-04-07 09:15:00.070,20260407,91500070,000009.SZ,16019,2,0,9.19,1000
2026-04-07 09:15:00.070,20260407,91500070,000009.SZ,17226,2,0,8.72,800
2026-04-07 09:15:00.070,20260407,91500070,000009.SZ,17624,2,0,8.7,200
2026-04-07 09:15:00.080,20260407,91500080,000009.SZ,18319,2,0,9.27,300
2026-04-07 09:15:00.080,20260407,91500080,000009.SZ,18439,1,0,7.59,200
2026-04-07 09:15:00.080,20260407,91500080,000009.SZ,18756,2,0,9.27,300
2026-04-07 09:15:00.080,20260407,91500080,000009.SZ,18958,2,0,9.27,3000
2026-04-07 09:15:00.080,20260407,91500080,000009.SZ,19009,2,0,7.79,3000
2026-04-07 09:15:00.080,20260407,91500080,000009.SZ,20740,2,0,7.59,100
2026-04-07 09:15:00.090,20260407,91500090,000009.SZ,22691,2,0,8.98,600
2026-04-07 09:15:00.090,20260407,91500090,000009.SZ,24490,2,0,9.09,2400
2026-04-07 09:15:00.090,20260407,91500090,000009.SZ,24676,2,0,9.2,6000
2026-04-07 09:15:00.100,20260407,91500100,000009.SZ,25857,2,0,9.0,1000
2026-04-07 09:15:00.100,20260407,91500100,000009.SZ,26099,2,0,9.19,1000
2026-04-07 09:15:00.100,20260407,91500100,000009.SZ,26317,2,0,9.09,500
2026-04-07 09:15:00.100,20260407,91500100,000009.SZ,26325,2,0,8.3,100
2026-04-07 09:15:00.100,20260407,91500100,000009.SZ,27568,2,0,9.18,500
2026-04-07 09:15:00.100,20260407,91500100,000009.SZ,28079,1,0,7.59,3000
2026-04-07 09:15:00.100,20260407,91500100,000009.SZ,28626,2,0,8.99,1000
2026-04-07 09:15:00.110,20260407,91500110,000009.SZ,29201,2,0,8.95,1000
2026-04-07 09:15:00.110,20260407,91500110,000009.SZ,29521,2,0,9.24,1000
2026-04-07 09:15:00.110,20260407,91500110,000009.SZ,30651,1,0,8.43,100
2026-04-07 09:15:00.110,20260407,91500110,000009.SZ,31704,2,0,9.27,5000
2026-04-07 09:15:00.110,20260407,91500110,000009.SZ,32563,1,0,8.15,100
2026-04-07 09:15:00.120,20260407,91500120,000009.SZ,32835,1,0,8.28,5100
2026-04-07 09:15:00.120,20260407,91500120,000009.SZ,33217,1,0,8.36,200
2026-04-07 09:15:00.120,20260407,91500120,000009.SZ,33387,2,0,8.42,100
2026-04-07 09:15:00.120,20260407,91500120,000009.SZ,33853,2,0,9.27,2000
2026-04-07 09:15:00.120,20260407,91500120,000009.SZ,34602,1,0,8.18,300
2026-04-07 09:15:00.120,20260407,91500120,000009.SZ,34632,2,0,9.27,15000
2026-04-07 09:15:00.120,20260407,91500120,000009.SZ,34656,2,0,9.0,5000
2026-04-07 09:15:00.120,20260407,91500120,000009.SZ,34657,2,0,8.8,4000
2026-04-07 09:15:00.120,20260407,91500120,000009.SZ,35840,1,0,8.72,2400
2026-04-07 09:15:00.120,20260407,91500120,000009.SZ,35998,2,0,9.26,100
2026-04-07 09:15:00.120,20260407,91500120,000009.SZ,36149,1,0,8.41,2000
2026-04-07 09:15:00.130,20260407,91500130,000009.SZ,37936,1,0,8.4,2000
2026-04-07 09:15:00.130,20260407,91500130,000009.SZ,38274,2,0,9.08,1200
2026-04-07 09:15:00.130,20260407,91500130,000009.SZ,38341,2,0,9.17,100
2026-04-07 09:15:00.130,20260407,91500130,000009.SZ,38342,2,0,9.24,100
2026-04-07 09:15:00.130,20260407,91500130,000009.SZ,38558,1,0,8.4,2000
2026-04-07 09:15:00.130,20260407,91500130,000009.SZ,38559,1,0,8.0,2000
2026-04-07 09:15:00.130,20260407,91500130,000009.SZ,38613,1,0,8.28,200
2026-04-07 09:15:00.130,20260407,91500130,000009.SZ,39247,2,0,9.27,7000
2026-04-07 09:15:00.130,20260407,91500130,000009.SZ,39348,2,0,9.13,200
2026-04-07 09:15:00.140,20260407,91500140,000009.SZ,40286,1,0,8.38,2000
2026-04-07 09:15:00.140,20260407,91500140,000009.SZ,40684,2,0,8.78,500
2026-04-07 09:15:00.140,20260407,91500140,000009.SZ,40685,2,0,8.98,500
2026-04-07 09:15:00.140,20260407,91500140,000009.SZ,40686,2,0,9.19,500
2026-04-07 09:15:00.140,20260407,91500140,000009.SZ,41350,2,0,8.6,200
2026-04-07 09:15:00.140,20260407,91500140,000009.SZ,41351,2,0,8.77,200
2026-04-07 09:15:00.140,20260407,91500140,000009.SZ,41352,2,0,8.94,200
2026-04-07 09:15:00.140,20260407,91500140,000009.SZ,41353,2,0,9.11,200
2026-04-07 09:15:00.140,20260407,91500140,000009.SZ,41354,2,0,9.27,200
2026-04-07 09:15:00.140,20260407,91500140,000009.SZ,41747,2,0,8.63,1000
2026-04-07 09:15:00.140,20260407,91500140,000009.SZ,41830,2,0,9.27,500
2026-04-07 09:15:00.140,20260407,91500140,000009.SZ,43555,2,0,8.9,200
2026-04-07 09:15:00.140,20260407,91500140,000009.SZ,43765,2,0,9.18,106
2026-04-07 09:15:00.140,20260407,91500140,000009.SZ,43766,1,0,7.71,100
2026-04-07 09:15:00.150,20260407,91500150,000009.SZ,44083,2,0,9.25,800
2026-04-07 09:15:00.150,20260407,91500150,000009.SZ,44333,2,0,8.42,500
2026-04-07 09:15:00.150,20260407,91500150,000009.SZ,44560,1,0,8.43,200
2026-04-07 09:15:00.150,20260407,91500150,000009.SZ,44757,1,0,8.43,2000
2026-04-07 09:15:00.150,20260407,91500150,000009.SZ,46287,1,0,8.35,400
2026-04-07 09:15:00.150,20260407,91500150,000009.SZ,46586,2,0,8.45,100
2026-04-07 09:15:00.150,20260407,91500150,000009.SZ,47363,2,0,8.38,10000
2026-04-07 09:15:00.160,20260407,91500160,000009.SZ,47839,1,0,8.38,100
2026-04-07 09:15:00.160,20260407,91500160,000009.SZ,47840,1,0,8.35,100
2026-04-07 09:15:00.160,20260407,91500160,000009.SZ,47841,1,0,8.36,100
2026-04-07 09:15:00.160,20260407,91500160,000009.SZ,48133,2,0,9.27,4500
2026-04-07 09:15:00.160,20260407,91500160,000009.SZ,48343,1,0,7.59,500
2026-04-07 09:15:00.160,20260407,91500160,000009.SZ,48595,2,0,8.74,1000
2026-04-07 09:15:00.160,20260407,91500160,000009.SZ,48598,2,0,8.9,2000
2026-04-07 09:15:00.160,20260407,91500160,000009.SZ,48676,2,0,9.0,1000
2026-04-07 09:15:00.160,20260407,91500160,000009.SZ,48818,1,0,8.37,100
2026-04-07 09:15:00.160,20260407,91500160,000009.SZ,48952,2,0,8.92,100
2026-04-07 09:15:00.160,20260407,91500160,000009.SZ,48954,1,0,8.33,100
2026-04-07 09:15:00.160,20260407,91500160,000009.SZ,49458,1,0,8.08,500
2026-04-07 09:15:00.160,20260407,91500160,000009.SZ,49462,1,0,8.01,2000
2026-04-07 09:15:00.160,20260407,91500160,000009.SZ,49463,1,0,8.01,2000
2026-04-07 09:15:00.160,20260407,91500160,000009.SZ,49516,1,0,8.01,3000
2026-04-07 09:15:00.160,20260407,91500160,000009.SZ,49517,1,0,8.01,1600
2026-04-07 09:15:00.160,20260407,91500160,000009.SZ,49848,2,0,9.13,1000
2026-04-07 09:15:00.160,20260407,91500160,000009.SZ,49849,2,0,9.18,2000
2026-04-07 09:15:00.160,20260407,91500160,000009.SZ,50196,2,0,8.9,2000
2026-04-07 09:15:00.170,20260407,91500170,000009.SZ,51072,1,0,8.08,1000
2026-04-07 09:15:00.170,20260407,91500170,000009.SZ,51750,2,0,9.27,500
2026-04-07 09:15:00.170,20260407,91500170,000009.SZ,51927,2,0,8.77,2200
2026-04-07 09:15:00.170,20260407,91500170,000009.SZ,52316,2,0,9.26,20500
2026-04-07 09:15:00.170,20260407,91500170,000009.SZ,52473,2,0,8.7,500
2026-04-07 09:15:00.170,20260407,91500170,000009.SZ,53037,2,0,9.26,600
2026-04-07 09:15:00.170,20260407,91500170,000009.SZ,53679,2,0,9.27,500
2026-04-07 09:15:00.170,20260407,91500170,000009.SZ,54132,1,0,8.08,700
2026-04-07 09:15:00.170,20260407,91500170,000009.SZ,54224,2,0,8.66,20000
2026-04-07 09:15:00.180,20260407,91500180,000009.SZ,54832,2,0,9.26,300
2026-04-07 09:15:00.180,20260407,91500180,000009.SZ,54833,2,0,9.26,600
2026-04-07 09:15:00.180,20260407,91500180,000009.SZ,54895,2,0,9.27,500
2026-04-07 09:15:00.180,20260407,91500180,000009.SZ,55754,1,0,8.0,1500
2026-04-07 09:15:00.180,20260407,91500180,000009.SZ,56026,1,0,7.6,400
2026-04-07 09:15:00.180,20260407,91500180,000009.SZ,56037,2,0,9.27,6000
2026-04-07 09:15:00.180,20260407,91500180,000009.SZ,56038,2,0,9.27,6000
2026-04-07 09:15:00.180,20260407,91500180,000009.SZ,56040,2,0,9.27,10000
2026-04-07 09:15:00.180,20260407,91500180,000009.SZ,56042,1,0,8.21,5000
2026-04-07 09:15:00.180,20260407,91500180,000009.SZ,56043,1,0,8.11,5000
2026-04-07 09:15:00.180,20260407,91500180,000009.SZ,56044,1,0,8.01,5000
2026-04-07 09:15:00.180,20260407,91500180,000009.SZ,56086,2,0,9.27,20000
2026-04-07 09:15:00.180,20260407,91500180,000009.SZ,56088,2,0,9.27,10000
2026-04-07 09:15:00.180,20260407,91500180,000009.SZ,56089,2,0,9.27,18000
2026-04-07 09:15:00.180,20260407,91500180,000009.SZ,56420,2,0,8.76,5000
2026-04-07 09:15:00.180,20260407,91500180,000009.SZ,56687,2,0,9.05,500
2026-04-07 09:15:00.180,20260407,91500180,000009.SZ,56785,2,0,8.42,1500
2026-04-07 09:15:00.180,20260407,91500180,000009.SZ,56864,2,0,9.23,400
2026-04-07 09:15:00.180,20260407,91500180,000009.SZ,56922,2,0,8.95,3400
2026-04-07 09:15:00.180,20260407,91500180,000009.SZ,57171,1,0,8.2,1600
2026-04-07 09:15:00.190,20260407,91500190,000009.SZ,57972,1,0,8.08,600
2026-04-07 09:15:00.190,20260407,91500190,000009.SZ,57973,2,0,9.27,500
2026-04-07 09:15:00.190,20260407,91500190,000009.SZ,58027,2,0,9.2,2300
2026-04-07 09:15:00.190,20260407,91500190,000009.SZ,58301,2,0,8.96,300
2026-04-07 09:15:00.190,20260407,91500190,000009.SZ,58618,2,0,9.27,1000
2026-04-07 09:15:00.190,20260407,91500190,000009.SZ,59928,1,0,8.0,200
2026-04-07 09:15:00.190,20260407,91500190,000009.SZ,59968,2,0,8.98,200
2026-04-07 09:15:00.190,20260407,91500190,000009.SZ,60030,2,0,9.0,1200
2026-04-07 09:15:00.200,20260407,91500200,000009.SZ,61046,2,0,9.0,1200
2026-04-07 09:15:00.200,20260407,91500200,000009.SZ,61089,1,0,8.42,500
2026-04-07 09:15:00.200,20260407,91500200,000009.SZ,61181,1,0,8.31,200
2026-04-07 09:15:00.200,20260407,91500200,000009.SZ,61420,2,0,8.87,100
2026-04-07 09:15:00.200,20260407,91500200,000009.SZ,61991,2,0,8.92,2000
2026-04-07 09:15:00.200,20260407,91500200,000009.SZ,62075,2,0,9.27,1000
2026-04-07 09:15:00.200,20260407,91500200,000009.SZ,62135,2,0,8.61,5000
2026-04-07 09:15:00.200,20260407,91500200,000009.SZ,62141,2,0,8.89,1400
2026-04-07 09:15:00.200,20260407,91500200,000009.SZ,62142,2,0,8.42,4600
2026-04-07 09:15:00.200,20260407,91500200,000009.SZ,62482,2,0,9.23,1200
2026-04-07 09:15:00.210,20260407,91500210,000009.SZ,64275,1,0,8.43,3300
2026-04-07 09:15:00.220,20260407,91500220,000009.SZ,65586,2,0,9.1,5000
2026-04-07 09:15:00.230,20260407,91500230,000009.SZ,67494,1,0,8.43,900
2026-04-07 09:15:00.230,20260407,91500230,000009.SZ,68209,1,0,8.08,500
2026-04-07 09:15:00.230,20260407,91500230,000009.SZ,69071,2,0,8.91,500
2026-04-07 09:15:00.240,20260407,91500240,000009.SZ,70467,2,0,8.62,600
2026-04-07 09:15:00.240,20260407,91500240,000009.SZ,71016,1,0,8.01,100
2026-04-07 09:15:00.240,20260407,91500240,000009.SZ,71119,1,0,8.4,300
2026-04-07 09:15:00.240,20260407,91500240,000009.SZ,71240,1,0,8.42,100
2026-04-07 09:15:00.250,20260407,91500250,000009.SZ,72114,2,0,8.85,800
2026-04-07 09:15:00.250,20260407,91500250,000009.SZ,72211,1,0,8.2,300
2026-04-07 09:15:00.250,20260407,91500250,000009.SZ,72217,2,0,9.26,12000
2026-04-07 09:15:00.250,20260407,91500250,000009.SZ,72284,1,0,8.08,1000
2026-04-07 09:15:00.250,20260407,91500250,000009.SZ,72285,1,0,7.86,2000
2026-04-07 09:15:00.250,20260407,91500250,000009.SZ,72320,1,0,8.38,500
2026-04-07 09:15:00.250,20260407,91500250,000009.SZ,72447,1,0,8.33,300
2026-04-07 09:15:00.250,20260407,91500250,000009.SZ,72812,1,0,7.6,600
2026-04-07 09:15:00.250,20260407,91500250,000009.SZ,73118,2,0,9.2,5000
2026-04-07 09:15:00.260,20260407,91500260,000009.SZ,74064,1,0,8.37,500
2026-04-07 09:15:00.260,20260407,91500260,000009.SZ,75160,2,0,9.25,300
2026-04-07 09:15:00.260,20260407,91500260,000009.SZ,75350,1,0,8.43,5000
2026-04-07 09:15:00.270,20260407,91500270,000009.SZ,75662,2,0,8.78,800
2026-04-07 09:15:00.270,20260407,91500270,000009.SZ,75728,2,0,8.78,5000
2026-04-07 09:15:00.270,20260407,91500270,000009.SZ,75729,2,0,8.88,5000
2026-04-07 09:15:00.270,20260407,91500270,000009.SZ,75730,2,0,8.98,5000
2026-04-07 09:15:00.270,20260407,91500270,000009.SZ,75732,2,0,8.68,5000
2026-04-07 09:15:00.270,20260407,91500270,000009.SZ,75887,2,0,8.98,600
2026-04-07 09:15:00.270,20260407,91500270,000009.SZ,76630,1,0,8.3,300
2026-04-07 09:15:00.280,20260407,91500280,000009.SZ,78625,2,0,8.67,2500
2026-04-07 09:15:00.290,20260407,91500290,000009.SZ,79290,1,0,8.08,600
2026-04-07 09:15:00.290,20260407,91500290,000009.SZ,79291,2,0,9.27,200
2026-04-07 09:15:00.290,20260407,91500290,000009.SZ,79834,2,0,8.8,1000
2026-04-07 09:15:00.300,20260407,91500300,000009.SZ,80817,2,0,9.22,5000
2026-04-07 09:15:00.310,20260407,91500310,000009.SZ,81544,1,0,8.25,10000
2026-04-07 09:15:00.310,20260407,91500310,000009.SZ,82230,2,0,8.85,2000
2026-04-07 09:15:00.320,20260407,91500320,000009.SZ,83084,1,0,8.2,2000
2026-04-07 09:15:00.320,20260407,91500320,000009.SZ,83226,2,0,8.9,3000
2026-04-07 09:15:00.320,20260407,91500320,000009.SZ,83227,2,0,9.0,3200
2026-04-07 09:15:00.340,20260407,91500340,000009.SZ,84712,1,0,8.25,100
2026-04-07 09:15:00.340,20260407,91500340,000009.SZ,84786,1,0,8.25,100
2026-04-07 09:15:00.340,20260407,91500340,000009.SZ,85167,2,0,9.25,100
2026-04-07 09:15:00.340,20260407,91500340,000009.SZ,85180,1,0,8.15,100
2026-04-07 09:15:00.340,20260407,91500340,000009.SZ,85188,1,0,8.3,100
2026-04-07 09:15:00.340,20260407,91500340,000009.SZ,85189,1,0,8.4,100
2026-04-07 09:15:00.340,20260407,91500340,000009.SZ,85311,1,0,8.41,100
2026-04-07 09:15:00.350,20260407,91500350,000009.SZ,85842,1,0,7.96,500
2026-04-07 09:15:00.360,20260407,91500360,000009.SZ,86962,2,0,8.78,600
2026-04-07 09:15:00.360,20260407,91500360,000009.SZ,87023,2,0,9.2,600
2026-04-07 09:15:00.370,20260407,91500370,000009.SZ,87429,1,0,8.35,100
2026-04-07 09:15:00.370,20260407,91500370,000009.SZ,87494,1,0,8.42,100
2026-04-07 09:15:00.370,20260407,91500370,000009.SZ,87744,2,0,8.7,2000
2026-04-07 09:15:00.380,20260407,91500380,000009.SZ,88950,2,0,9.08,5000
2026-04-07 09:15:00.380,20260407,91500380,000009.SZ,88951,2,0,9.18,5000
2026-04-07 09:15:00.380,20260407,91500380,000009.SZ,89238,1,0,8.0,500
2026-04-07 09:15:00.380,20260407,91500380,000009.SZ,89239,1,0,7.6,300
2026-04-07 09:15:00.390,20260407,91500390,000009.SZ,89443,1,0,8.03,2000
2026-04-07 09:15:00.390,20260407,91500390,000009.SZ,89445,2,0,8.97,3000
2026-04-07 09:15:00.390,20260407,91500390,000009.SZ,89942,1,0,8.26,8000
2026-04-07 09:15:00.390,20260407,91500390,000009.SZ,90125,1,0,8.4,1000
2026-04-07 09:15:00.400,20260407,91500400,000009.SZ,90401,2,0,8.7,1000
2026-04-07 09:15:00.400,20260407,91500400,000009.SZ,90423,1,0,8.0,2500
2026-04-07 09:15:00.400,20260407,91500400,000009.SZ,91020,2,0,9.27,1000
2026-04-07 09:15:00.410,20260407,91500410,000009.SZ,91406,1,0,8.08,700
2026-04-07 09:15:00.420,20260407,91500420,000009.SZ,92343,1,0,7.59,100
2026-04-07 09:15:00.440,20260407,91500440,000009.SZ,93916,2,0,9.25,300
2026-04-07 09:15:00.440,20260407,91500440,000009.SZ,94157,1,0,8.4,500
2026-04-07 09:15:00.440,20260407,91500440,000009.SZ,94275,2,0,9.27,200
2026-04-07 09:15:00.480,20260407,91500480,000009.SZ,96903,1,0,7.59,100
2026-04-07 09:15:00.480,20260407,91500480,000009.SZ,97050,1,0,8.43,100
2026-04-07 09:15:00.490,20260407,91500490,000009.SZ,97632,1,0,8.21,500
2026-04-07 09:15:00.490,20260407,91500490,000009.SZ,98156,2,0,8.98,500
2026-04-07 09:15:00.500,20260407,91500500,000009.SZ,98907,2,0,9.09,700
2026-04-07 09:15:00.500,20260407,91500500,000009.SZ,99019,2,0,9.25,1000
2026-04-07 09:15:00.510,20260407,91500510,000009.SZ,99621,1,0,8.42,100
2026-04-07 09:15:00.520,20260407,91500520,000009.SZ,100352,1,0,8.03,200
2026-04-07 09:15:00.520,20260407,91500520,000009.SZ,100523,1,0,7.66,100
2026-04-07 09:15:00.530,20260407,91500530,000009.SZ,100776,1,0,7.59,200
2026-04-07 09:15:00.530,20260407,91500530,000009.SZ,101092,1,0,8.43,300
2026-04-07 09:15:00.530,20260407,91500530,000009.SZ,101104,1,0,7.98,3000
2026-04-07 09:15:00.540,20260407,91500540,000009.SZ,101795,1,0,8.43,100
2026-04-07 09:15:00.550,20260407,91500550,000009.SZ,102154,2,0,8.79,1800
2026-04-07 09:15:00.550,20260407,91500550,000009.SZ,102155,2,0,8.92,1700
2026-04-07 09:15:00.550,20260407,91500550,000009.SZ,102156,2,0,9.04,1700
2026-04-07 09:15:00.550,20260407,91500550,000009.SZ,102157,2,0,9.16,1700
2026-04-07 09:15:00.550,20260407,91500550,000009.SZ,102158,2,0,9.27,1700
2026-04-07 09:15:00.550,20260407,91500550,000009.SZ,102648,2,0,9.08,100
2026-04-07 09:15:00.560,20260407,91500560,000009.SZ,102734,2,0,9.2,3000
2026-04-07 09:15:00.570,20260407,91500570,000009.SZ,103654,1,0,8.21,2000
2026-04-07 09:15:00.580,20260407,91500580,000009.SZ,104951,2,0,9.0,1000
2026-04-07 09:15:00.580,20260407,91500580,000009.SZ,104953,2,0,9.25,1000
2026-04-07 09:15:00.580,20260407,91500580,000009.SZ,104954,2,0,9.0,500
2026-04-07 09:15:00.590,20260407,91500590,000009.SZ,105435,2,0,8.8,100
2026-04-07 09:15:00.600,20260407,91500600,000009.SZ,105864,1,0,8.08,700
2026-04-07 09:15:00.600,20260407,91500600,000009.SZ,105865,2,0,9.27,200
2026-04-07 09:15:00.610,20260407,91500610,000009.SZ,106555,2,0,9.24,1000
2026-04-07 09:15:00.610,20260407,91500610,000009.SZ,107101,1,0,7.82,800
2026-04-07 09:15:00.630,20260407,91500630,000009.SZ,108456,1,0,8.3,2000
2026-04-07 09:15:00.650,20260407,91500650,000009.SZ,109652,2,0,9.27,1000
2026-04-07 09:15:00.660,20260407,91500660,000009.SZ,109931,2,0,8.75,2500
2026-04-07 09:15:00.660,20260407,91500660,000009.SZ,110032,2,0,8.88,2500
2026-04-07 09:15:00.670,20260407,91500670,000009.SZ,110951,2,0,9.27,200
2026-04-07 09:15:00.680,20260407,91500680,000009.SZ,111455,1,0,8.43,100
2026-04-07 09:15:00.700,20260407,91500700,000009.SZ,112490,2,0,9.26,100
2026-04-07 09:15:00.710,20260407,91500710,000009.SZ,112898,2,0,9.27,600
2026-04-07 09:15:00.710,20260407,91500710,000009.SZ,112899,2,0,9.17,600
2026-04-07 09:15:00.710,20260407,91500710,000009.SZ,112900,2,0,9.07,600
2026-04-07 09:15:00.710,20260407,91500710,000009.SZ,112901,1,0,7.59,700
2026-04-07 09:15:00.710,20260407,91500710,000009.SZ,112903,1,0,7.7,700
2026-04-07 09:15:00.710,20260407,91500710,000009.SZ,113130,2,0,9.25,400
2026-04-07 09:15:00.720,20260407,91500720,000009.SZ,113302,2,0,8.77,200
2026-04-07 09:15:00.720,20260407,91500720,000009.SZ,113303,1,0,8.23,100
2026-04-07 09:15:00.720,20260407,91500720,000009.SZ,113378,1,0,7.69,100
2026-04-07 09:15:00.730,20260407,91500730,000009.SZ,113762,2,0,9.2,500
2026-04-07 09:15:00.730,20260407,91500730,000009.SZ,114003,2,0,9.23,2200
2026-04-07 09:15:00.740,20260407,91500740,000009.SZ,114099,1,0,7.82,5000
2026-04-07 09:15:00.740,20260407,91500740,000009.SZ,114408,2,0,8.77,1000
2026-04-07 09:15:00.740,20260407,91500740,000009.SZ,114457,1,0,7.8,700
2026-04-07 09:15:00.740,20260407,91500740,000009.SZ,114471,1,0,8.0,700
2026-04-07 09:15:00.740,20260407,91500740,000009.SZ,114472,1,0,8.2,700
2026-04-07 09:15:00.740,20260407,91500740,000009.SZ,114473,1,0,7.9,700
2026-04-07 09:15:00.750,20260407,91500750,000009.SZ,114817,1,0,8.15,500
2026-04-07 09:15:00.750,20260407,91500750,000009.SZ,114833,2,0,9.08,1000
2026-04-07 09:15:00.750,20260407,91500750,000009.SZ,114908,2,0,9.27,2000
2026-04-07 09:15:00.750,20260407,91500750,000009.SZ,114909,2,0,8.98,1000
2026-04-07 09:15:00.750,20260407,91500750,000009.SZ,114943,2,0,8.73,300
2026-04-07 09:15:00.750,20260407,91500750,000009.SZ,114946,2,0,8.6,6000
2026-04-07 09:15:00.760,20260407,91500760,000009.SZ,115330,2,0,9.1,5600
2026-04-07 09:15:00.760,20260407,91500760,000009.SZ,115392,2,0,8.85,3000
2026-04-07 09:15:00.800,20260407,91500800,000009.SZ,117165,1,0,8.3,100
2026-04-07 09:15:00.800,20260407,91500800,000009.SZ,117458,2,0,8.8,1000
2026-04-07 09:15:00.810,20260407,91500810,000009.SZ,117762,2,0,9.13,1600
2026-04-07 09:15:00.830,20260407,91500830,000009.SZ,119085,2,0,9.27,2000
2026-04-07 09:15:00.850,20260407,91500850,000009.SZ,120182,1,0,8.08,200
2026-04-07 09:15:00.850,20260407,91500850,000009.SZ,120579,2,0,9.25,300
2026-04-07 09:15:00.870,20260407,91500870,000009.SZ,121134,1,0,8.43,200
2026-04-07 09:15:00.890,20260407,91500890,000009.SZ,122303,1,0,8.08,700
2026-04-07 09:15:00.890,20260407,91500890,000009.SZ,122466,1,0,7.8,200
2026-04-07 09:15:00.890,20260407,91500890,000009.SZ,122499,1,0,8.4,100
2026-04-07 09:15:00.900,20260407,91500900,000009.SZ,122810,2,0,8.97,600
2026-04-07 09:15:00.900,20260407,91500900,000009.SZ,122811,2,0,8.87,600
2026-04-07 09:15:00.900,20260407,91500900,000009.SZ,122813,2,0,8.67,600
2026-04-07 09:15:00.900,20260407,91500900,000009.SZ,122814,2,0,8.77,600
2026-04-07 09:15:00.920,20260407,91500920,000009.SZ,124055,2,0,9.27,100
2026-04-07 09:15:00.940,20260407,91500940,000009.SZ,125493,2,0,9.27,5000
2026-04-07 09:15:00.940,20260407,91500940,000009.SZ,125682,2,0,8.83,2200
2026-04-07 09:15:00.950,20260407,91500950,000009.SZ,126008,2,0,8.95,7000
2026-04-07 09:15:00.960,20260407,91500960,000009.SZ,126583,1,0,7.59,200
2026-04-07 09:15:00.960,20260407,91500960,000009.SZ,126584,1,0,7.7,200
2026-04-07 09:15:00.960,20260407,91500960,000009.SZ,126600,1,0,8.28,300
2026-04-07 09:15:00.960,20260407,91500960,000009.SZ,126602,1,0,8.36,300
2026-04-07 09:15:01.020,20260407,91501020,000009.SZ,129754,1,0,8.41,300
2026-04-07 09:15:01.020,20260407,91501020,000009.SZ,129996,1,0,8.43,200
2026-04-07 09:15:01.040,20260407,91501040,000009.SZ,131177,2,0,9.2,200
2026-04-07 09:15:01.040,20260407,91501040,000009.SZ,131184,1,0,7.8,200
2026-04-07 09:15:01.040,20260407,91501040,000009.SZ,131289,1,0,8.17,600
2026-04-07 09:15:01.040,20260407,91501040,000009.SZ,131290,2,0,9.03,600
2026-04-07 09:15:01.050,20260407,91501050,000009.SZ,131802,1,0,8.23,500
2026-04-07 09:15:01.100,20260407,91501100,000009.SZ,134342,2,0,9.0,1000
2026-04-07 09:15:01.130,20260407,91501130,000009.SZ,135431,2,0,9.27,500
2026-04-07 09:15:01.130,20260407,91501130,000009.SZ,135830,2,0,9.19,200
2026-04-07 09:15:01.140,20260407,91501140,000009.SZ,136049,1,0,8.07,800
2026-04-07 09:15:01.140,20260407,91501140,000009.SZ,136050,1,0,7.77,800
2026-04-07 09:15:01.180,20260407,91501180,000009.SZ,138894,2,0,8.43,200
2026-04-07 09:15:01.200,20260407,91501200,000009.SZ,139571,1,0,8.43,200
2026-04-07 09:15:01.210,20260407,91501210,000009.SZ,139992,1,0,8.22,2300
2026-04-07 09:15:01.210,20260407,91501210,000009.SZ,140025,2,0,9.23,4100
2026-04-07 09:15:01.230,20260407,91501230,000009.SZ,140724,2,0,8.84,2000
2026-04-07 09:15:01.230,20260407,91501230,000009.SZ,140812,1,0,7.62,1000
2026-04-07 09:15:01.230,20260407,91501230,000009.SZ,140885,1,0,8.15,1000
2026-04-07 09:15:01.300,20260407,91501300,000009.SZ,142700,2,0,9.08,5000
2026-04-07 09:15:01.300,20260407,91501300,000009.SZ,142762,2,0,9.09,900
2026-04-07 09:15:01.360,20260407,91501360,000009.SZ,144716,2,0,9.26,1700
2026-04-07 09:15:01.360,20260407,91501360,000009.SZ,144719,2,0,9.26,2700
2026-04-07 09:15:01.380,20260407,91501380,000009.SZ,145419,2,0,9.27,200
2026-04-07 09:15:01.410,20260407,91501410,000009.SZ,146150,2,0,8.78,1400
2026-04-07 09:15:01.410,20260407,91501410,000009.SZ,146335,2,0,8.6,1500
2026-04-07 09:15:01.410,20260407,91501410,000009.SZ,146336,2,0,8.65,2600
2026-04-07 09:15:01.440,20260407,91501440,000009.SZ,147163,2,0,8.88,1200
2026-04-07 09:15:01.470,20260407,91501470,000009.SZ,148088,2,0,8.85,300
2026-04-07 09:15:01.470,20260407,91501470,000009.SZ,148093,2,0,9.27,300
2026-04-07 09:15:01.480,20260407,91501480,000009.SZ,148492,1,0,8.0,5000
2026-04-07 09:15:01.510,20260407,91501510,000009.SZ,149402,2,0,9.13,3000
2026-04-07 09:15:01.520,20260407,91501520,000009.SZ,149632,2,0,9.27,1600
2026-04-07 09:15:01.530,20260407,91501530,000009.SZ,150023,1,0,8.05,300
2026-04-07 09:15:01.540,20260407,91501540,000009.SZ,150352,2,0,9.26,4000
2026-04-07 09:15:01.680,20260407,91501680,000009.SZ,153577,2,0,9.27,3500
2026-04-07 09:15:01.690,20260407,91501690,000009.SZ,153957,2,0,8.99,600
2026-04-07 09:15:01.700,20260407,91501700,000009.SZ,154038,1,0,8.3,5000
2026-04-07 09:15:01.700,20260407,91501700,000009.SZ,154399,1,0,8.2,5000
2026-04-07 09:15:01.720,20260407,91501720,000009.SZ,155190,1,0,8.0,1000
2026-04-07 09:15:01.740,20260407,91501740,000009.SZ,155873,2,0,9.26,2000
2026-04-07 09:15:01.750,20260407,91501750,000009.SZ,155965,1,0,8.21,600
2026-04-07 09:15:01.750,20260407,91501750,000009.SZ,156069,2,0,9.2,500
2026-04-07 09:15:01.760,20260407,91501760,000009.SZ,156336,1,0,8.31,100
2026-04-07 09:15:01.770,20260407,91501770,000009.SZ,156490,2,0,8.67,500
2026-04-07 09:15:01.810,20260407,91501810,000009.SZ,157715,2,0,8.78,500
2026-04-07 09:15:01.810,20260407,91501810,000009.SZ,157856,2,0,9.27,5000
2026-04-07 09:15:01.810,20260407,91501810,000009.SZ,157956,1,0,8.43,300
2026-04-07 09:15:01.820,20260407,91501820,000009.SZ,158231,1,0,8.43,300
2026-04-07 09:15:01.840,20260407,91501840,000009.SZ,158976,1,0,7.59,2700
2026-04-07 09:15:01.870,20260407,91501870,000009.SZ,159524,1,0,8.43,400
2026-04-07 09:15:01.900,20260407,91501900,000009.SZ,160385,1,0,7.6,100
2026-04-07 09:15:01.900,20260407,91501900,000009.SZ,160395,1,0,7.92,100
2026-04-07 09:15:01.980,20260407,91501980,000009.SZ,163034,2,0,8.66,500
2026-04-07 09:15:01.980,20260407,91501980,000009.SZ,163036,2,0,8.88,600
2026-04-07 09:15:01.980,20260407,91501980,000009.SZ,163040,2,0,9.22,800
2026-04-07 09:15:01.980,20260407,91501980,000009.SZ,163041,1,0,8.2,400
2026-04-07 09:15:01.980,20260407,91501980,000009.SZ,163136,1,0,8.24,2000
2026-04-07 09:15:01.980,20260407,91501980,000009.SZ,163138,2,0,8.64,2000
2026-04-07 09:15:02.020,20260407,91502020,000009.SZ,164281,1,0,8.43,4900
2026-04-07 09:15:02.030,20260407,91502030,000009.SZ,164609,2,0,8.86,2000
2026-04-07 09:15:02.030,20260407,91502030,000009.SZ,164610,2,0,8.9,2000
2026-04-07 09:15:02.030,20260407,91502030,000009.SZ,164686,1,0,8.4,500
2026-04-07 09:15:02.030,20260407,91502030,000009.SZ,164688,1,0,8.3,500
2026-04-07 09:15:02.030,20260407,91502030,000009.SZ,164689,2,0,8.7,600
2026-04-07 09:15:02.030,20260407,91502030,000009.SZ,164698,2,0,8.8,600
2026-04-07 09:15:02.040,20260407,91502040,000009.SZ,165047,2,0,8.7,500
2026-04-07 09:15:02.040,20260407,91502040,000009.SZ,165058,1,0,8.43,2700
2026-04-07 09:15:02.040,20260407,91502040,000009.SZ,165087,1,0,8.13,300
2026-04-07 09:15:02.060,20260407,91502060,000009.SZ,165699,2,0,9.27,30000
2026-04-07 09:15:02.080,20260407,91502080,000009.SZ,166051,2,0,9.27,48000
2026-04-07 09:15:02.080,20260407,91502080,000009.SZ,166098,1,0,8.45,800
2026-04-07 09:15:02.120,20260407,91502120,000009.SZ,167198,2,0,8.9,500
2026-04-07 09:15:02.120,20260407,91502120,000009.SZ,167504,2,0,9.27,1000
2026-04-07 09:15:02.120,20260407,91502120,000009.SZ,167592,1,0,8.09,200
2026-04-07 09:15:02.130,20260407,91502130,000009.SZ,167864,2,0,9.1,300
2026-04-07 09:15:02.130,20260407,91502130,000009.SZ,167901,2,0,9.26,1000
2026-04-07 09:15:02.130,20260407,91502130,000009.SZ,167955,2,0,8.67,7200
2026-04-07 09:15:02.160,20260407,91502160,000009.SZ,168884,1,0,7.93,500
2026-04-07 09:15:02.170,20260407,91502170,000009.SZ,169295,2,0,9.25,4500
2026-04-07 09:15:02.180,20260407,91502180,000009.SZ,169663,1,0,7.73,1000
2026-04-07 09:15:02.190,20260407,91502190,000009.SZ,170006,2,0,9.21,4900
2026-04-07 09:15:02.210,20260407,91502210,000009.SZ,170503,2,0,8.52,600
2026-04-07 09:15:02.370,20260407,91502370,000009.SZ,172668,2,0,8.78,4000
2026-04-07 09:15:02.400,20260407,91502400,000009.SZ,172976,2,0,9.18,3400
2026-04-07 09:15:02.540,20260407,91502540,000009.SZ,174001,2,0,9.26,1100
2026-04-07 09:15:02.670,20260407,91502670,000009.SZ,174832,2,0,9.27,1000
2026-04-07 09:15:02.680,20260407,91502680,000009.SZ,174974,1,0,8.43,300
2026-04-07 09:15:02.730,20260407,91502730,000009.SZ,175543,2,0,9.2,300
2026-04-07 09:15:02.840,20260407,91502840,000009.SZ,176510,1,0,8.0,200
2026-04-07 09:15:02.870,20260407,91502870,000009.SZ,176891,1,0,8.06,1000
2026-04-07 09:15:02.900,20260407,91502900,000009.SZ,177148,2,0,9.27,4400
2026-04-07 09:15:02.920,20260407,91502920,000009.SZ,177433,1,0,8.25,100
2026-04-07 09:15:02.920,20260407,91502920,000009.SZ,177434,2,0,8.75,100
2026-04-07 09:15:02.920,20260407,91502920,000009.SZ,177435,2,0,9.0,100
2026-04-07 09:15:02.920,20260407,91502920,000009.SZ,177436,2,0,9.27,100
2026-04-07 09:15:02.920,20260407,91502920,000009.SZ,177523,2,0,9.27,100
2026-04-07 09:15:02.920,20260407,91502920,000009.SZ,177595,2,0,9.24,400
2026-04-07 09:15:03.030,20260407,91503030,000009.SZ,179127,2,0,9.27,2800
2026-04-07 09:15:03.090,20260407,91503090,000009.SZ,179936,2,0,8.75,1000
2026-04-07 09:15:03.110,20260407,91503110,000009.SZ,180165,2,0,8.68,1200
2026-04-07 09:15:03.120,20260407,91503120,000009.SZ,180389,2,0,9.25,1000
2026-04-07 09:15:03.130,20260407,91503130,000009.SZ,180481,2,0,9.27,400
2026-04-07 09:15:03.150,20260407,91503150,000009.SZ,180841,1,0,7.59,26300
2026-04-07 09:15:03.160,20260407,91503160,000009.SZ,180905,1,0,8.2,2000
2026-04-07 09:15:03.160,20260407,91503160,000009.SZ,181070,2,0,8.85,2000
2026-04-07 09:15:03.160,20260407,91503160,000009.SZ,181071,2,0,9.0,2000
2026-04-07 09:15:03.200,20260407,91503200,000009.SZ,181511,2,0,9.19,100
2026-04-07 09:15:03.370,20260407,91503370,000009.SZ,182365,2,0,9.21,8000
2026-04-07 09:15:03.650,20260407,91503650,000009.SZ,183543,1,0,8.0,100
2026-04-07 09:15:03.900,20260407,91503900,000009.SZ,184913,1,0,8.2,1000
2026-04-07 09:15:03.920,20260407,91503920,000009.SZ,185256,1,0,8.36,600
2026-04-07 09:15:04.180,20260407,91504180,000009.SZ,186984,1,0,8.4,100
2026-04-07 09:15:04.210,20260407,91504210,000009.SZ,187345,2,0,8.9,700
2026-04-07 09:15:04.980,20260407,91504980,000009.SZ,188963,1,0,8.31,1200
2026-04-07 09:15:05.070,20260407,91505070,000009.SZ,189128,2,0,9.27,1900
2026-04-07 09:15:05.480,20260407,91505480,000009.SZ,189867,1,0,8.2,1000
2026-04-07 09:15:12.270,20260407,91512270,000009.SZ,191400,2,0,8.55,200
2026-04-07 09:15:12.270,20260407,91512270,000009.SZ,191401,1,0,8.41,200
2026-04-07 09:15:17.660,20260407,91517660,000009.SZ,192075,2,0,9.27,1000
2026-04-07 09:15:27.280,20260407,91527280,000009.SZ,193709,2,0,9.03,100
2026-04-07 09:15:35.300,20260407,91535300,000009.SZ,194985,1,0,8.1,100
2026-04-07 09:15:35.300,20260407,91535300,000009.SZ,194986,2,0,8.9,100
2026-04-07 09:15:45.080,20260407,91545080,000009.SZ,196629,2,0,8.81,200
2026-04-07 09:15:48.150,20260407,91548150,000009.SZ,197183,2,0,9.03,1000
2026-04-07 09:15:51.590,20260407,91551590,000009.SZ,197849,2,0,9.27,10900
2026-04-07 09:15:55.100,20260407,91555100,000009.SZ,198468,1,0,8.04,100
2026-04-07 09:16:00.650,20260407,91600650,000009.SZ,199681,2,0,8.48,100
2026-04-07 09:16:00.720,20260407,91600720,000009.SZ,199697,1,0,8.38,50000
2026-04-07 09:16:01.570,20260407,91601570,000009.SZ,199902,2,0,8.93,20000
2026-04-07 09:16:02.120,20260407,91602120,000009.SZ,200000,2,0,9.26,1500
2026-04-07 09:16:06.040,20260407,91606040,000009.SZ,200927,2,0,8.75,1000
2026-04-07 09:16:06.650,20260407,91606650,000009.SZ,201061,2,0,8.52,100
2026-04-07 09:16:07.820,20260407,91607820,000009.SZ,201309,1,0,8.4,1000
2026-04-07 09:16:12.760,20260407,91612760,000009.SZ,202216,2,0,8.56,100
2026-04-07 09:16:18.820,20260407,91618820,000009.SZ,203436,2,0,8.6,100
2026-04-07 09:16:24.880,20260407,91624880,000009.SZ,204672,2,0,8.64,100
2026-04-07 09:16:26.760,20260407,91626760,000009.SZ,205053,1,0,8.3,1000
2026-04-07 09:16:30.960,20260407,91630960,000009.SZ,205846,1,0,8.4,100
2026-04-07 09:16:31.720,20260407,91631720,000009.SZ,205998,1,0,9.27,100
2026-04-07 09:16:32.190,20260407,91632190,000009.SZ,206095,1,0,9.27,100
2026-04-07 09:16:35.540,20260407,91635540,000009.SZ,206894,1,0,8.26,20000
2026-04-07 09:16:36.980,20260407,91636980,000009.SZ,207166,1,0,8.36,100
2026-04-07 09:16:40.900,20260407,91640900,000009.SZ,207973,1,0,8.03,1000
2026-04-07 09:16:50.840,20260407,91650840,000009.SZ,209918,1,0,9.27,100
2026-04-07 09:16:52.400,20260407,91652400,000009.SZ,210256,2,0,9.18,12900
2026-04-07 09:16:54.950,20260407,91654950,000009.SZ,210831,2,0,8.77,20000
2026-04-07 09:17:02.170,20260407,91702170,000009.SZ,212322,2,0,9.24,300
2026-04-07 09:17:10.550,20260407,91710550,000009.SZ,213974,2,0,8.75,20000
2026-04-07 09:17:12.640,20260407,91712640,000009.SZ,214399,1,0,8.37,500
2026-04-07 09:17:18.580,20260407,91718580,000009.SZ,215724,2,0,9.27,6300
2026-04-07 09:17:25.690,20260407,91725690,000009.SZ,217204,2,0,8.67,5500
2026-04-07 09:17:27.330,20260407,91727330,000009.SZ,217539,2,0,9.27,3600
2026-04-07 09:17:44.370,20260407,91744370,000009.SZ,221097,2,0,9.26,500
2026-04-07 09:17:45.640,20260407,91745640,000009.SZ,221405,1,0,9.27,400
2026-04-07 09:17:46.920,20260407,91746920,000009.SZ,221714,1,0,8.33,1000
2026-04-07 09:17:55.370,20260407,91755370,000009.SZ,223608,2,0,9.26,1100
2026-04-07 09:17:57.960,20260407,91757960,000009.SZ,224208,2,0,9.26,300
2026-04-07 09:18:07.710,20260407,91807710,000009.SZ,226454,2,0,9.26,100
2026-04-07 09:18:10.730,20260407,91810730,000009.SZ,227130,2,0,9.1,300
2026-04-07 09:18:11.400,20260407,91811400,000009.SZ,227278,1,0,8.33,1200
2026-04-07 09:18:11.430,20260407,91811430,000009.SZ,227287,1,0,8.33,1000
2026-04-07 09:18:26.480,20260407,91826480,000009.SZ,230943,1,0,8.4,5000
2026-04-07 09:18:26.550,20260407,91826550,000009.SZ,230955,1,0,8.38,600
2026-04-07 09:18:30.970,20260407,91830970,000009.SZ,232071,2,0,8.7,2000
2026-04-07 09:18:31.030,20260407,91831030,000009.SZ,232084,1,0,8.4,500
2026-04-07 09:18:31.710,20260407,91831710,000009.SZ,232249,1,0,7.65,100
2026-04-07 09:18:40.160,20260407,91840160,000009.SZ,234266,1,0,8.23,1200
2026-04-07 09:18:44.230,20260407,91844230,000009.SZ,235249,2,0,8.59,1100
2026-04-07 09:18:48.280,20260407,91848280,000009.SZ,236213,2,0,8.88,700
2026-04-07 09:19:00.410,20260407,91900410,000009.SZ,239164,2,0,9.09,500
2026-04-07 09:19:03.690,20260407,91903690,000009.SZ,239943,2,0,9.0,1000
2026-04-07 09:19:05.450,20260407,91905450,000009.SZ,240402,1,0,8.0,1000
2026-04-07 09:19:06.670,20260407,91906670,000009.SZ,240695,2,0,9.0,1000
2026-04-07 09:19:08.890,20260407,91908890,000009.SZ,241249,2,0,9.0,100
2026-04-07 09:19:12.360,20260407,91912360,000009.SZ,242167,2,0,9.1,4000
2026-04-07 09:19:23.520,20260407,91923520,000009.SZ,245288,2,0,8.96,1000
2026-04-07 09:19:24.590,20260407,91924590,000009.SZ,245576,2,0,8.64,1000
2026-04-07 09:19:26.210,20260407,91926210,000009.SZ,245999,2,0,9.27,7200
2026-04-07 09:19:28.930,20260407,91928930,000009.SZ,246655,2,0,9.27,1000
2026-04-07 09:19:32.660,20260407,91932660,000009.SZ,247579,2,0,9.24,3600
2026-04-07 09:19:32.980,20260407,91932980,000009.SZ,247653,2,0,8.88,1000
2026-04-07 09:19:36.410,20260407,91936410,000009.SZ,248437,2,0,9.19,100
2026-04-07 09:19:42.120,20260407,91942120,000009.SZ,249885,2,0,8.98,1000
2026-04-07 09:19:42.890,20260407,91942890,000009.SZ,250074,1,0,7.6,2000
2026-04-07 09:19:43.310,20260407,91943310,000009.SZ,250173,2,0,8.85,2600
2026-04-07 09:19:45.510,20260407,91945510,000009.SZ,250721,2,0,8.74,1000
2026-04-07 09:19:49.210,20260407,91949210,000009.SZ,251651,2,0,8.68,400
2026-04-07 09:19:51.170,20260407,91951170,000009.SZ,252152,1,0,8.37,2000
2026-04-07 09:19:52.340,20260407,91952340,000009.SZ,252447,2,0,8.7,7200
2026-04-07 09:19:52.410,20260407,91952410,000009.SZ,252468,2,0,8.9,2000
2026-04-07 09:19:56.340,20260407,91956340,000009.SZ,253485,2,0,8.8,500
2026-04-07 09:19:59.410,20260407,91959410,000009.SZ,254247,2,0,9.26,2000
2026-04-07 09:20:07.380,20260407,92007380,000009.SZ,256511,2,0,8.51,100
2026-04-07 09:20:08.030,20260407,92008030,000009.SZ,256662,2,0,8.7,1000
2026-04-07 09:20:15.500,20260407,92015500,000009.SZ,258482,2,0,9.2,600
2026-04-07 09:20:22.690,20260407,92022690,000009.SZ,260052,2,0,9.26,700
2026-04-07 09:20:24.200,20260407,92024200,000009.SZ,260405,2,0,9.27,2400
2026-04-07 09:20:24.410,20260407,92024410,000009.SZ,260450,1,0,8.43,100
2026-04-07 09:20:38.640,20260407,92038640,000009.SZ,263628,1,0,8.41,1500
2026-04-07 09:20:41.620,20260407,92041620,000009.SZ,264237,1,0,8.03,400
2026-04-07 09:20:47.220,20260407,92047220,000009.SZ,265552,2,0,9.27,4000
2026-04-07 09:20:53.630,20260407,92053630,000009.SZ,267043,2,0,9.27,4000
2026-04-07 09:20:57.700,20260407,92057700,000009.SZ,267998,1,0,8.39,5000
2026-04-07 09:21:00.590,20260407,92100590,000009.SZ,268868,1,0,9.27,1000
2026-04-07 09:21:00.620,20260407,92100620,000009.SZ,268892,1,0,9.27,1600
2026-04-07 09:21:00.820,20260407,92100820,000009.SZ,269099,1,0,9.27,800
2026-04-07 09:21:00.890,20260407,92100890,000009.SZ,269170,1,0,9.27,100
2026-04-07 09:21:00.950,20260407,92100950,000009.SZ,269271,1,0,9.27,300
2026-04-07 09:21:01.560,20260407,92101560,000009.SZ,269817,1,0,9.27,400
2026-04-07 09:21:02.490,20260407,92102490,000009.SZ,270249,1,0,9.27,200
2026-04-07 09:21:10.440,20260407,92110440,000009.SZ,272555,2,0,9.27,2000
2026-04-07 09:21:13.870,20260407,92113870,000009.SZ,273465,2,0,9.12,1500
2026-04-07 09:21:14.590,20260407,92114590,000009.SZ,273643,1,0,7.59,1000
2026-04-07 09:21:19.690,20260407,92119690,000009.SZ,274968,1,0,8.4,1000
2026-04-07 09:21:21.230,20260407,92121230,000009.SZ,275431,1,0,8.43,2000
2026-04-07 09:21:35.320,20260407,92135320,000009.SZ,279188,2,0,8.52,500
2026-04-07 09:21:36.300,20260407,92136300,000009.SZ,279439,1,0,8.0,1200
2026-04-07 09:21:37.300,20260407,92137300,000009.SZ,279691,1,0,8.39,2000
2026-04-07 09:21:41.350,20260407,92141350,000009.SZ,280847,1,0,8.06,100
2026-04-07 09:21:44.600,20260407,92144600,000009.SZ,281691,2,0,8.99,1000
2026-04-07 09:21:50.980,20260407,92150980,000009.SZ,283506,2,0,8.56,700
2026-04-07 09:22:05.920,20260407,92205920,000009.SZ,287711,2,0,9.27,1100
2026-04-07 09:22:12.320,20260407,92212320,000009.SZ,289527,2,0,9.27,600
2026-04-07 09:22:16.010,20260407,92216010,000009.SZ,290628,2,0,8.99,1000
2026-04-07 09:22:19.580,20260407,92219580,000009.SZ,291650,1,0,8.3,900
2026-04-07 09:22:21.570,20260407,92221570,000009.SZ,292231,2,0,8.88,500
2026-04-07 09:22:21.950,20260407,92221950,000009.SZ,292371,2,0,8.85,2600
2026-04-07 09:22:22.000,20260407,92222000,000009.SZ,292389,1,0,8.46,10000
2026-04-07 09:22:24.860,20260407,92224860,000009.SZ,293216,1,0,8.44,12200
2026-04-07 09:22:35.250,20260407,92235250,000009.SZ,296440,1,0,8.0,200
2026-04-07 09:22:36.460,20260407,92236460,000009.SZ,296816,2,0,8.0,1200
2026-04-07 09:22:38.180,20260407,92238180,000009.SZ,297380,2,0,9.27,1000
2026-04-07 09:22:43.440,20260407,92243440,000009.SZ,299053,1,0,8.3,200
2026-04-07 09:22:45.120,20260407,92245120,000009.SZ,299610,2,0,8.8,1000
2026-04-07 09:22:45.970,20260407,92245970,000009.SZ,299875,2,0,8.88,1100
2026-04-07 09:22:47.670,20260407,92247670,000009.SZ,300418,1,0,8.11,2000
2026-04-07 09:22:52.170,20260407,92252170,000009.SZ,301915,1,0,8.1,300
2026-04-07 09:22:54.090,20260407,92254090,000009.SZ,302554,1,0,8.44,100
2026-04-07 09:22:54.410,20260407,92254410,000009.SZ,302648,1,0,8.02,10000
2026-04-07 09:22:54.570,20260407,92254570,000009.SZ,302701,2,0,8.95,1000
2026-04-07 09:22:55.980,20260407,92255980,000009.SZ,303205,2,0,8.59,35400
2026-04-07 09:22:57.830,20260407,92257830,000009.SZ,303773,2,0,8.77,500
2026-04-07 09:23:06.150,20260407,92306150,000009.SZ,306771,1,0,7.8,300
2026-04-07 09:23:07.240,20260407,92307240,000009.SZ,307117,2,0,8.99,300
2026-04-07 09:23:10.570,20260407,92310570,000009.SZ,308302,2,0,9.27,2000
2026-04-07 09:23:11.530,20260407,92311530,000009.SZ,308655,2,0,9.19,1900
2026-04-07 09:23:14.740,20260407,92314740,000009.SZ,309890,2,0,8.95,500
2026-04-07 09:23:15.580,20260407,92315580,000009.SZ,310191,2,0,9.17,500
2026-04-07 09:23:16.000,20260407,92316000,000009.SZ,310348,2,0,8.75,4200
2026-04-07 09:23:16.860,20260407,92316860,000009.SZ,310667,1,0,8.44,5000
2026-04-07 09:23:18.510,20260407,92318510,000009.SZ,311292,1,0,8.1,500
2026-04-07 09:23:21.630,20260407,92321630,000009.SZ,312401,2,0,8.99,1200
2026-04-07 09:23:23.960,20260407,92323960,000009.SZ,313228,1,0,7.6,300
2026-04-07 09:23:24.720,20260407,92324720,000009.SZ,313485,2,0,8.55,200
2026-04-07 09:23:26.070,20260407,92326070,000009.SZ,313984,2,0,8.89,1000
2026-04-07 09:23:30.450,20260407,92330450,000009.SZ,315706,2,0,8.58,15000
2026-04-07 09:23:31.680,20260407,92331680,000009.SZ,316139,1,0,8.35,500
2026-04-07 09:23:54.980,20260407,92354980,000009.SZ,325426,2,0,9.05,11600
2026-04-07 09:23:57.500,20260407,92357500,000009.SZ,326483,2,0,8.59,6900
2026-04-07 09:23:58.980,20260407,92358980,000009.SZ,327094,2,0,8.63,19500
2026-04-07 09:24:00.150,20260407,92400150,000009.SZ,327616,2,0,8.01,100
2026-04-07 09:24:03.690,20260407,92403690,000009.SZ,329212,2,0,8.44,100
2026-04-07 09:24:11.100,20260407,92411100,000009.SZ,332895,1,0,8.44,600
2026-04-07 09:24:11.380,20260407,92411380,000009.SZ,333051,2,0,8.52,800
2026-04-07 09:24:15.670,20260407,92415670,000009.SZ,335384,2,0,8.74,4000
2026-04-07 09:24:16.180,20260407,92416180,000009.SZ,335691,2,0,9.2,300
2026-04-07 09:24:18.140,20260407,92418140,000009.SZ,336838,2,0,8.7,900
2026-04-07 09:24:18.270,20260407,92418270,000009.SZ,336922,2,0,9.0,7500
2026-04-07 09:24:18.390,20260407,92418390,000009.SZ,336986,2,0,8.44,200
2026-04-07 09:24:19.690,20260407,92419690,000009.SZ,337762,1,0,8.3,1000
2026-04-07 09:24:21.310,20260407,92421310,000009.SZ,338667,2,0,9.27,3000
2026-04-07 09:24:22.150,20260407,92422150,000009.SZ,339174,2,0,8.69,1000
2026-04-07 09:24:23.260,20260407,92423260,000009.SZ,339868,1,0,8.43,16600
2026-04-07 09:24:26.030,20260407,92426030,000009.SZ,341529,2,0,8.8,1300
2026-04-07 09:24:26.590,20260407,92426590,000009.SZ,341871,1,0,8.44,5200
2026-04-07 09:24:29.820,20260407,92429820,000009.SZ,343968,2,0,8.57,5100
2026-04-07 09:24:33.040,20260407,92433040,000009.SZ,346211,2,0,8.53,1200
2026-04-07 09:24:33.290,20260407,92433290,000009.SZ,346388,2,0,9.2,3000
2026-04-07 09:24:34.410,20260407,92434410,000009.SZ,347115,1,0,8.44,2600
2026-04-07 09:24:34.520,20260407,92434520,000009.SZ,347183,2,0,9.1,5000
2026-04-07 09:24:34.560,20260407,92434560,000009.SZ,347207,1,0,8.44,10000
2026-04-07 09:24:37.550,20260407,92437550,000009.SZ,349231,1,0,8.43,3800
2026-04-07 09:24:37.750,20260407,92437750,000009.SZ,349410,2,0,8.55,2900
2026-04-07 09:24:40.910,20260407,92440910,000009.SZ,351883,1,0,8.47,1300
2026-04-07 09:24:41.750,20260407,92441750,000009.SZ,352473,2,0,8.8,4000
2026-04-07 09:24:43.320,20260407,92443320,000009.SZ,353671,2,0,8.69,1000
2026-04-07 09:24:43.430,20260407,92443430,000009.SZ,353755,1,0,8.44,100
2026-04-07 09:24:43.790,20260407,92443790,000009.SZ,353989,1,0,8.45,500
2026-04-07 09:24:43.890,20260407,92443890,000009.SZ,354048,1,0,8.41,300
2026-04-07 09:24:45.300,20260407,92445300,000009.SZ,355165,2,0,8.78,20000
2026-04-07 09:24:46.470,20260407,92446470,000009.SZ,356051,2,0,8.59,1700
2026-04-07 09:24:48.600,20260407,92448600,000009.SZ,357814,2,0,9.2,5000
2026-04-07 09:24:48.810,20260407,92448810,000009.SZ,358001,1,0,8.26,500
2026-04-07 09:24:50.060,20260407,92450060,000009.SZ,359593,2,0,8.27,500
2026-04-07 09:24:50.250,20260407,92450250,000009.SZ,360185,2,0,8.27,600
2026-04-07 09:24:51.820,20260407,92451820,000009.SZ,362033,2,0,8.27,300
2026-04-07 09:24:51.830,20260407,92451830,000009.SZ,362066,1,0,8.2,1000
2026-04-07 09:24:52.190,20260407,92452190,000009.SZ,362417,1,0,9.27,600
2026-04-07 09:24:52.990,20260407,92452990,000009.SZ,363289,1,0,8.44,500
2026-04-07 09:24:54.060,20260407,92454060,000009.SZ,364564,2,0,9.26,1100
2026-04-07 09:24:54.540,20260407,92454540,000009.SZ,365203,2,0,8.36,700
2026-04-07 09:24:54.810,20260407,92454810,000009.SZ,365526,1,0,8.52,100
2026-04-07 09:24:54.820,20260407,92454820,000009.SZ,365563,2,0,8.36,200
2026-04-07 09:24:54.830,20260407,92454830,000009.SZ,365576,2,0,8.36,100
2026-04-07 09:24:55.040,20260407,92455040,000009.SZ,366052,1,0,8.46,3800
2026-04-07 09:24:55.130,20260407,92455130,000009.SZ,366317,2,0,8.36,200
2026-04-07 09:24:55.740,20260407,92455740,000009.SZ,367376,2,0,8.36,100
2026-04-07 09:24:55.840,20260407,92455840,000009.SZ,367578,2,0,8.35,200
2026-04-07 09:24:56.340,20260407,92456340,000009.SZ,368735,2,0,8.36,100
2026-04-07 09:24:57.150,20260407,92457150,000009.SZ,370615,2,0,8.44,100
2026-04-07 09:24:59.620,20260407,92459620,000009.SZ,379319,1,0,8.44,5200
2026-04-07 09:24:59.920,20260407,92459920,000009.SZ,380991,2,0,8.6,1700
2026-04-07 09:24:59.970,20260407,92459970,000009.SZ,381958,1,0,8.69,6400
2026-04-07 09:30:00.030,20260407,93000030,000009.SZ,461601,2,0,9.27,2600
2026-04-07 09:30:00.030,20260407,93000030,000009.SZ,462278,2,0,8.47,100
2026-04-07 09:30:00.040,20260407,93000040,000009.SZ,462717,2,0,8.88,15000
2026-04-07 09:30:00.040,20260407,93000040,000009.SZ,466074,2,0,8.46,400
2026-04-07 09:30:00.040,20260407,93000040,000009.SZ,466428,2,0,8.32,1200
2026-04-07 09:30:00.040,20260407,93000040,000009.SZ,467790,2,0,8.46,400
2026-04-07 09:30:00.040,20260407,93000040,000009.SZ,468249,2,0,8.46,500
2026-04-07 09:30:00.040,20260407,93000040,000009.SZ,468799,2,0,8.46,400
2026-04-07 09:30:00.040,20260407,93000040,000009.SZ,469124,1,0,8.36,1200
2026-04-07 09:30:00.040,20260407,93000040,000009.SZ,469272,2,0,9.0,2900
2026-04-07 09:30:00.050,20260407,93000050,000009.SZ,471182,2,0,8.46,500
2026-04-07 09:30:00.050,20260407,93000050,000009.SZ,472461,2,0,8.92,900
2026-04-07 09:30:00.050,20260407,93000050,000009.SZ,474412,1,0,8.44,100
2026-04-07 09:30:00.050,20260407,93000050,000009.SZ,474995,1,0,8.08,1000
2026-04-07 09:30:00.050,20260407,93000050,000009.SZ,475606,1,0,8.45,1000
2026-04-07 09:30:00.050,20260407,93000050,000009.SZ,476700,1,0,8.48,400
2026-04-07 09:30:00.050,20260407,93000050,000009.SZ,477524,1,0,8.45,1000
2026-04-07 09:30:00.060,20260407,93000060,000009.SZ,479089,1,0,8.44,2000
2026-04-07 09:30:00.060,20260407,93000060,000009.SZ,483513,1,0,8.44,600
2026-04-07 09:30:00.070,20260407,93000070,000009.SZ,486124,2,0,8.47,100
2026-04-07 09:30:00.070,20260407,93000070,000009.SZ,486131,1,0,8.48,10000
2026-04-07 09:30:00.070,20260407,93000070,000009.SZ,487471,1,0,8.48,100
2026-04-07 09:30:00.070,20260407,93000070,000009.SZ,487851,1,0,8.46,3000
2026-04-07 09:30:00.070,20260407,93000070,000009.SZ,488815,2,0,8.5,1700
2026-04-07 09:30:00.080,20260407,93000080,000009.SZ,489499,1,0,8.4,300
2026-04-07 09:30:00.080,20260407,93000080,000009.SZ,490418,1,0,8.4,300
2026-04-07 09:30:00.080,20260407,93000080,000009.SZ,491641,2,0,8.57,1600
2026-04-07 09:30:00.090,20260407,93000090,000009.SZ,494749,2,0,8.46,500
2026-04-07 09:30:00.090,20260407,93000090,000009.SZ,495913,2,0,8.46,700
2026-04-07 09:30:00.090,20260407,93000090,000009.SZ,496616,1,0,8.3,500
2026-04-07 09:30:00.090,20260407,93000090,000009.SZ,497724,1,0,8.4,2000
2026-04-07 09:30:00.090,20260407,93000090,000009.SZ,498288,2,0,9.0,200
2026-04-07 09:30:00.090,20260407,93000090,000009.SZ,498976,2,0,9.27,300
2026-04-07 09:30:00.090,20260407,93000090,000009.SZ,499497,2,0,8.45,1200
2026-04-07 09:30:00.090,20260407,93000090,000009.SZ,499519,2,0,9.03,1000
2026-04-07 09:30:00.100,20260407,93000100,000009.SZ,501247,2,0,8.66,16600
2026-04-07 09:30:00.100,20260407,93000100,000009.SZ,501594,1,0,8.41,1200
2026-04-07 09:30:00.100,20260407,93000100,000009.SZ,503860,2,0,8.46,500
2026-04-07 09:30:00.100,20260407,93000100,000009.SZ,503874,2,0,8.59,1500
2026-04-07 09:30:00.100,20260407,93000100,000009.SZ,504333,2,0,9.27,200
2026-04-07 09:30:00.100,20260407,93000100,000009.SZ,504721,1,0,8.47,2800
2026-04-07 09:30:00.100,20260407,93000100,000009.SZ,505766,2,0,8.46,100
2026-04-07 09:30:00.110,20260407,93000110,000009.SZ,508162,2,0,8.46,600
2026-04-07 09:30:00.110,20260407,93000110,000009.SZ,508638,2,0,8.92,1000
2026-04-07 09:30:00.110,20260407,93000110,000009.SZ,509547,2,0,8.61,2700
2026-04-07 09:30:00.110,20260407,93000110,000009.SZ,509960,2,0,8.63,2700
2026-04-07 09:30:00.110,20260407,93000110,000009.SZ,510989,2,0,8.87,2000
2026-04-07 09:30:00.110,20260407,93000110,000009.SZ,511314,2,0,8.7,500
2026-04-07 09:30:00.110,20260407,93000110,000009.SZ,512636,2,0,8.66,2700
2026-04-07 09:30:00.120,20260407,93000120,000009.SZ,513795,1,0,8.4,1000
2026-04-07 09:30:00.120,20260407,93000120,000009.SZ,513878,2,0,8.75,1000
2026-04-07 09:30:00.120,20260407,93000120,000009.SZ,514551,1,0,8.48,15400
2026-04-07 09:30:00.120,20260407,93000120,000009.SZ,514796,1,0,8.4,500
2026-04-07 09:30:00.120,20260407,93000120,000009.SZ,517259,2,0,8.98,2000
2026-04-07 09:30:00.120,20260407,93000120,000009.SZ,517492,2,0,8.9,2000
2026-04-07 09:30:00.120,20260407,93000120,000009.SZ,517573,2,0,8.65,4000
2026-04-07 09:30:00.130,20260407,93000130,000009.SZ,519603,2,0,8.54,1000
2026-04-07 09:30:00.130,20260407,93000130,000009.SZ,520727,2,0,9.0,3000
2026-04-07 09:30:00.130,20260407,93000130,000009.SZ,521410,2,0,8.59,500
2026-04-07 09:30:00.130,20260407,93000130,000009.SZ,521985,1,0,8.45,200
2026-04-07 09:30:00.140,20260407,93000140,000009.SZ,526937,2,0,9.27,10000
2026-04-07 09:30:00.140,20260407,93000140,000009.SZ,528980,1,0,8.43,2000
2026-04-07 09:30:00.150,20260407,93000150,000009.SZ,532543,2,0,9.27,2000
2026-04-07 09:30:00.150,20260407,93000150,000009.SZ,533265,2,0,8.52,2000
2026-04-07 09:30:00.150,20260407,93000150,000009.SZ,533960,1,0,8.41,5000
2026-04-07 09:30:00.150,20260407,93000150,000009.SZ,534586,1,0,8.43,2000
2026-04-07 09:30:00.150,20260407,93000150,000009.SZ,535295,1,0,8.52,1000
2026-04-07 09:30:00.160,20260407,93000160,000009.SZ,540010,1,0,8.41,400
2026-04-07 09:30:00.160,20260407,93000160,000009.SZ,540485,2,0,8.98,1000
2026-04-07 09:30:00.160,20260407,93000160,000009.SZ,541440,1,0,8.45,10000
2026-04-07 09:30:00.160,20260407,93000160,000009.SZ,541771,2,0,8.57,60700
2026-04-07 09:30:00.160,20260407,93000160,000009.SZ,541866,1,0,8.36,500
2026-04-07 09:30:00.170,20260407,93000170,000009.SZ,542935,2,0,8.67,1700
2026-04-07 09:30:00.170,20260407,93000170,000009.SZ,543188,2,0,8.68,1700
2026-04-07 09:30:00.170,20260407,93000170,000009.SZ,544279,2,0,8.62,1700
2026-04-07 09:30:00.170,20260407,93000170,000009.SZ,544375,2,0,8.66,2000
2026-04-07 09:30:00.170,20260407,93000170,000009.SZ,544816,2,0,9.27,1100
2026-04-07 09:30:00.170,20260407,93000170,000009.SZ,546086,1,0,8.48,500
2026-04-07 09:30:00.170,20260407,93000170,000009.SZ,547420,2,0,8.6,3500
2026-04-07 09:30:00.180,20260407,93000180,000009.SZ,548113,2,0,9.14,3000
2026-04-07 09:30:00.180,20260407,93000180,000009.SZ,548165,2,0,8.65,1700
2026-04-07 09:30:00.180,20260407,93000180,000009.SZ,548270,2,0,8.77,1000
2026-04-07 09:30:00.180,20260407,93000180,000009.SZ,548878,2,0,8.55,1000
2026-04-07 09:30:00.180,20260407,93000180,000009.SZ,549004,2,0,8.54,2700
2026-04-07 09:30:00.180,20260407,93000180,000009.SZ,550453,2,0,9.27,1500
2026-04-07 09:30:00.180,20260407,93000180,000009.SZ,550925,2,0,8.6,5500
2026-04-07 09:30:00.190,20260407,93000190,000009.SZ,553826,1,0,8.47,500
2026-04-07 09:30:00.190,20260407,93000190,000009.SZ,555155,2,0,8.51,4600
2026-04-07 09:30:00.190,20260407,93000190,000009.SZ,555488,1,0,8.48,1000
2026-04-07 09:30:00.200,20260407,93000200,000009.SZ,556780,2,0,8.54,1000
2026-04-07 09:30:00.200,20260407,93000200,000009.SZ,557550,2,0,8.46,400
2026-04-07 09:30:00.200,20260407,93000200,000009.SZ,557809,1,0,8.38,300
2026-04-07 09:30:00.210,20260407,93000210,000009.SZ,563294,2,0,8.57,2200
2026-04-07 09:30:00.220,20260407,93000220,000009.SZ,566729,1,0,8.51,3100
2026-04-07 09:30:00.220,20260407,93000220,000009.SZ,567651,2,0,9.27,2000
2026-04-07 09:30:00.230,20260407,93000230,000009.SZ,568630,2,0,8.5,2000
2026-04-07 09:30:00.230,20260407,93000230,000009.SZ,569004,1,0,7.59,2000
2026-04-07 09:30:00.230,20260407,93000230,000009.SZ,570522,2,0,8.58,900
2026-04-07 09:30:00.230,20260407,93000230,000009.SZ,570918,1,0,8.42,100
2026-04-07 09:30:00.240,20260407,93000240,000009.SZ,572751,1,0,8.45,4700
2026-04-07 09:30:00.240,20260407,93000240,000009.SZ,573125,1,0,8.38,2000
2026-04-07 09:30:00.240,20260407,93000240,000009.SZ,574083,1,0,8.44,2000
2026-04-07 09:30:00.240,20260407,93000240,000009.SZ,575550,2,0,8.51,1000
2026-04-07 09:30:00.240,20260407,93000240,000009.SZ,575853,1,0,8.27,200
2026-04-07 09:30:00.250,20260407,93000250,000009.SZ,578622,1,0,8.45,2400
2026-04-07 09:30:00.250,20260407,93000250,000009.SZ,579460,2,0,8.72,500
2026-04-07 09:30:00.260,20260407,93000260,000009.SZ,582941,1,0,8.46,20000
2026-04-07 09:30:00.280,20260407,93000280,000009.SZ,586485,2,0,9.0,1000
2026-04-07 09:30:00.280,20260407,93000280,000009.SZ,588028,2,0,8.52,1000
2026-04-07 09:30:00.290,20260407,93000290,000009.SZ,589245,2,0,8.54,13000
2026-04-07 09:30:00.300,20260407,93000300,000009.SZ,591367,2,0,8.65,2000
2026-04-07 09:30:00.300,20260407,93000300,000009.SZ,592501,2,0,8.46,400
2026-04-07 09:30:00.310,20260407,93000310,000009.SZ,593597,1,0,8.41,2000
2026-04-07 09:30:00.330,20260407,93000330,000009.SZ,598840,1,0,8.45,500
2026-04-07 09:30:00.330,20260407,93000330,000009.SZ,599440,1,0,7.6,100
2026-04-07 09:30:00.340,20260407,93000340,000009.SZ,600874,1,0,7.6,100
2026-04-07 09:30:00.340,20260407,93000340,000009.SZ,601133,2,0,8.54,400
2026-04-07 09:30:00.350,20260407,93000350,000009.SZ,602267,2,0,9.02,1000
2026-04-07 09:30:00.350,20260407,93000350,000009.SZ,602293,1,0,8.41,500
2026-04-07 09:30:00.350,20260407,93000350,000009.SZ,603549,1,0,8.46,1300
2026-04-07 09:30:00.360,20260407,93000360,000009.SZ,604629,2,0,8.73,1000
2026-04-07 09:30:00.360,20260407,93000360,000009.SZ,604635,2,0,8.93,1000
2026-04-07 09:30:00.360,20260407,93000360,000009.SZ,605693,2,0,9.27,1900
2026-04-07 09:30:00.360,20260407,93000360,000009.SZ,605818,1,0,8.48,100
2026-04-07 09:30:00.370,20260407,93000370,000009.SZ,607817,2,0,8.54,2000
2026-04-07 09:30:00.390,20260407,93000390,000009.SZ,610071,2,0,8.55,500
2026-04-07 09:30:00.400,20260407,93000400,000009.SZ,611628,1,0,8.46,200
2026-04-07 09:30:00.420,20260407,93000420,000009.SZ,615623,1,0,8.46,4700
2026-04-07 09:30:00.430,20260407,93000430,000009.SZ,616046,2,0,8.55,600
2026-04-07 09:30:00.430,20260407,93000430,000009.SZ,616609,1,0,8.25,500
2026-04-07 09:30:00.430,20260407,93000430,000009.SZ,616757,1,0,8.19,100
2026-04-07 09:30:00.430,20260407,93000430,000009.SZ,616766,1,0,7.89,100
2026-04-07 09:30:00.430,20260407,93000430,000009.SZ,616771,1,0,7.96,100
2026-04-07 09:30:00.430,20260407,93000430,000009.SZ,616786,1,0,7.97,100
2026-04-07 09:30:00.430,20260407,93000430,000009.SZ,616802,1,0,7.93,100
2026-04-07 09:30:00.430,20260407,93000430,000009.SZ,616803,1,0,7.83,100
2026-04-07 09:30:00.430,20260407,93000430,000009.SZ,616804,2,0,8.46,200
2026-04-07 09:30:00.430,20260407,93000430,000009.SZ,616810,1,0,7.85,100
2026-04-07 09:30:00.430,20260407,93000430,000009.SZ,616811,1,0,8.09,100
2026-04-07 09:30:00.430,20260407,93000430,000009.SZ,616812,1,0,8.17,100
2026-04-07 09:30:00.430,20260407,93000430,000009.SZ,616830,1,0,8.22,100
2026-04-07 09:30:00.430,20260407,93000430,000009.SZ,616831,1,0,7.87,100
2026-04-07 09:30:00.430,20260407,93000430,000009.SZ,616837,1,0,8.27,100
2026-04-07 09:30:00.430,20260407,93000430,000009.SZ,616842,1,0,8.14,100
2026-04-07 09:30:00.430,20260407,93000430,000009.SZ,616855,1,0,7.99,100
2026-04-07 09:30:00.430,20260407,93000430,000009.SZ,616857,1,0,8.23,100
2026-04-07 09:30:00.430,20260407,93000430,000009.SZ,616860,1,0,8.3,100
2026-04-07 09:30:00.430,20260407,93000430,000009.SZ,616901,2,0,8.49,100
2026-04-07 09:30:00.430,20260407,93000430,000009.SZ,617080,1,0,8.12,100
2026-04-07 09:30:00.430,20260407,93000430,000009.SZ,617119,1,0,8.02,100
2026-04-07 09:30:00.430,20260407,93000430,000009.SZ,617201,1,0,8.06,100
2026-04-07 09:30:00.430,20260407,93000430,000009.SZ,617259,1,0,8.25,100
2026-04-07 09:30:00.430,20260407,93000430,000009.SZ,617312,1,0,8.07,100
2026-04-07 09:30:00.440,20260407,93000440,000009.SZ,617713,2,0,8.48,100
2026-04-07 09:30:00.440,20260407,93000440,000009.SZ,617810,2,0,8.96,900
2026-04-07 09:30:00.440,20260407,93000440,000009.SZ,617823,2,0,8.5,9500
2026-04-07 09:30:00.440,20260407,93000440,000009.SZ,618974,2,0,8.71,1000
2026-04-07 09:30:00.460,20260407,93000460,000009.SZ,621412,2,0,8.52,2600
2026-04-07 09:30:00.460,20260407,93000460,000009.SZ,621508,2,0,8.86,400
2026-04-07 09:30:00.460,20260407,93000460,000009.SZ,622100,1,0,8.42,1000
2026-04-07 09:30:00.470,20260407,93000470,000009.SZ,622972,1,0,8.4,1000
2026-04-07 09:30:00.470,20260407,93000470,000009.SZ,623255,1,0,8.16,100
2026-04-07 09:30:00.470,20260407,93000470,000009.SZ,624495,1,0,8.46,200
2026-04-07 09:30:00.490,20260407,93000490,000009.SZ,626775,1,0,8.48,500
2026-04-07 09:30:00.490,20260407,93000490,000009.SZ,627701,2,0,8.49,100
2026-04-07 09:30:00.500,20260407,93000500,000009.SZ,628649,2,0,8.43,1000
2026-04-07 09:30:00.500,20260407,93000500,000009.SZ,629168,1,0,8.46,800
2026-04-07 09:30:00.550,20260407,93000550,000009.SZ,637978,1,0,8.48,1000
2026-04-07 09:30:00.550,20260407,93000550,000009.SZ,638377,1,0,8.43,500
2026-04-07 09:30:00.560,20260407,93000560,000009.SZ,639550,2,0,9.27,200
2026-04-07 09:30:00.590,20260407,93000590,000009.SZ,645425,1,0,7.59,200
2026-04-07 09:30:00.600,20260407,93000600,000009.SZ,646439,2,0,9.15,2000
2026-04-07 09:30:00.610,20260407,93000610,000009.SZ,647176,2,0,8.52,2200
2026-04-07 09:30:00.610,20260407,93000610,000009.SZ,647181,2,0,8.53,1100
2026-04-07 09:30:00.610,20260407,93000610,000009.SZ,647747,1,0,8.4,1000
2026-04-07 09:30:00.610,20260407,93000610,000009.SZ,648937,1,0,8.48,1200
2026-04-07 09:30:00.610,20260407,93000610,000009.SZ,649021,2,0,8.75,4400
2026-04-07 09:30:00.630,20260407,93000630,000009.SZ,651242,2,0,8.48,100
2026-04-07 09:30:00.630,20260407,93000630,000009.SZ,651472,1,0,8.43,2000
2026-04-07 09:30:00.640,20260407,93000640,000009.SZ,653325,2,0,8.52,50000
2026-04-07 09:30:00.650,20260407,93000650,000009.SZ,655273,2,0,8.86,200
2026-04-07 09:30:00.650,20260407,93000650,000009.SZ,655871,1,0,8.29,500
2026-04-07 09:30:00.650,20260407,93000650,000009.SZ,655881,1,0,7.59,2000
2026-04-07 09:30:00.660,20260407,93000660,000009.SZ,657021,1,0,8.48,500
2026-04-07 09:30:00.660,20260407,93000660,000009.SZ,657349,2,0,8.48,20000
2026-04-07 09:30:00.660,20260407,93000660,000009.SZ,657857,1,0,8.46,200
2026-04-07 09:30:00.670,20260407,93000670,000009.SZ,659096,2,0,9.27,5000
2026-04-07 09:30:00.700,20260407,93000700,000009.SZ,661917,2,0,9.24,500
2026-04-07 09:30:00.700,20260407,93000700,000009.SZ,663204,1,0,8.46,400
2026-04-07 09:30:00.710,20260407,93000710,000009.SZ,664122,2,0,9.27,100
2026-04-07 09:30:00.710,20260407,93000710,000009.SZ,664334,2,0,8.66,1000
2026-04-07 09:30:00.730,20260407,93000730,000009.SZ,666474,2,0,8.65,2100
2026-04-07 09:30:00.740,20260407,93000740,000009.SZ,668044,2,0,8.54,200
2026-04-07 09:30:00.740,20260407,93000740,000009.SZ,668218,2,0,8.55,1000
2026-04-07 09:30:00.760,20260407,93000760,000009.SZ,670330,2,0,9.2,600
2026-04-07 09:30:00.760,20260407,93000760,000009.SZ,670767,2,0,8.5,100
2026-04-07 09:30:00.770,20260407,93000770,000009.SZ,671355,1,0,8.4,500
2026-04-07 09:30:00.770,20260407,93000770,000009.SZ,671749,1,0,8.3,500
2026-04-07 09:30:00.770,20260407,93000770,000009.SZ,672146,2,0,9.27,600
2026-04-07 09:30:00.790,20260407,93000790,000009.SZ,674305,1,0,8.3,600
2026-04-07 09:30:00.790,20260407,93000790,000009.SZ,674661,2,0,9.26,2700
2026-04-07 09:30:00.820,20260407,93000820,000009.SZ,678191,2,0,8.66,1000
2026-04-07 09:30:00.820,20260407,93000820,000009.SZ,678863,1,0,8.5,100
2026-04-07 09:30:00.840,20260407,93000840,000009.SZ,681006,1,0,8.2,400
2026-04-07 09:30:00.850,20260407,93000850,000009.SZ,681262,2,0,8.46,400
2026-04-07 09:30:00.860,20260407,93000860,000009.SZ,682320,1,0,8.48,1000
2026-04-07 09:30:00.860,20260407,93000860,000009.SZ,682809,2,0,8.58,2000
2026-04-07 09:30:00.880,20260407,93000880,000009.SZ,684985,2,0,8.66,1000
2026-04-07 09:30:00.880,20260407,93000880,000009.SZ,685284,1,0,8.41,800
2026-04-07 09:30:00.880,20260407,93000880,000009.SZ,685416,1,0,8.38,800
2026-04-07 09:30:00.900,20260407,93000900,000009.SZ,687640,2,0,8.51,100
2026-04-07 09:30:00.910,20260407,93000910,000009.SZ,689840,1,0,8.38,3600
2026-04-07 09:30:00.920,20260407,93000920,000009.SZ,690298,2,0,8.53,1000
2026-04-07 09:30:00.920,20260407,93000920,000009.SZ,691029,2,0,8.49,500
2026-04-07 09:30:00.940,20260407,93000940,000009.SZ,693707,2,0,8.6,2000
2026-04-07 09:30:00.950,20260407,93000950,000009.SZ,694569,1,0,8.48,500
2026-04-07 09:30:00.950,20260407,93000950,000009.SZ,695033,1,0,8.4,1000
2026-04-07 09:30:00.960,20260407,93000960,000009.SZ,696118,1,0,8.45,1000
2026-04-07 09:30:00.980,20260407,93000980,000009.SZ,697339,2,0,8.58,2000
2026-04-07 09:30:00.980,20260407,93000980,000009.SZ,697853,1,0,8.35,800
2026-04-07 09:30:01.000,20260407,93001000,000009.SZ,699360,2,0,8.57,600
2026-04-07 09:30:01.000,20260407,93001000,000009.SZ,699362,2,0,8.56,1500
2026-04-07 09:30:01.000,20260407,93001000,000009.SZ,699850,1,0,8.39,100
2026-04-07 09:30:01.010,20260407,93001010,000009.SZ,700229,2,0,8.47,300
2026-04-07 09:30:01.010,20260407,93001010,000009.SZ,700484,1,0,8.46,5000
2026-04-07 09:30:01.030,20260407,93001030,000009.SZ,702910,1,0,8.54,700
2026-04-07 09:30:01.040,20260407,93001040,000009.SZ,703595,1,0,8.45,1000
2026-04-07 09:30:01.060,20260407,93001060,000009.SZ,704958,2,0,8.46,400
2026-04-07 09:30:01.160,20260407,93001160,000009.SZ,714420,1,0,8.4,300
2026-04-07 09:30:01.170,20260407,93001170,000009.SZ,715014,2,0,8.66,200
2026-04-07 09:30:01.180,20260407,93001180,000009.SZ,715965,2,0,9.15,500
2026-04-07 09:30:01.180,20260407,93001180,000009.SZ,716020,2,0,8.6,2000
2026-04-07 09:30:01.190,20260407,93001190,000009.SZ,716813,2,0,8.99,1600
2026-04-07 09:30:01.200,20260407,93001200,000009.SZ,717153,2,0,8.5,800
2026-04-07 09:30:01.200,20260407,93001200,000009.SZ,717155,2,0,8.5,300
2026-04-07 09:30:01.200,20260407,93001200,000009.SZ,717206,2,0,8.5,200
2026-04-07 09:30:01.200,20260407,93001200,000009.SZ,717272,2,0,8.5,100
2026-04-07 09:30:01.200,20260407,93001200,000009.SZ,717462,2,0,8.56,2000
2026-04-07 09:30:01.200,20260407,93001200,000009.SZ,717763,2,0,8.5,100
2026-04-07 09:30:01.210,20260407,93001210,000009.SZ,718848,1,0,8.46,2000
2026-04-07 09:30:01.220,20260407,93001220,000009.SZ,719447,2,0,8.48,200
2026-04-07 09:30:01.230,20260407,93001230,000009.SZ,720077,2,0,8.5,600
2026-04-07 09:30:01.240,20260407,93001240,000009.SZ,721083,2,0,9.27,1000
2026-04-07 09:30:01.250,20260407,93001250,000009.SZ,722265,2,0,9.27,3300
2026-04-07 09:30:01.270,20260407,93001270,000009.SZ,723764,2,0,8.51,1100
2026-04-07 09:30:01.290,20260407,93001290,000009.SZ,725522,2,0,8.96,1000
2026-04-07 09:30:01.290,20260407,93001290,000009.SZ,725780,1,0,8.48,1600
2026-04-07 09:30:01.290,20260407,93001290,000009.SZ,726193,2,0,8.5,600
2026-04-07 09:30:01.310,20260407,93001310,000009.SZ,728340,2,0,8.52,600
2026-04-07 09:30:01.340,20260407,93001340,000009.SZ,731212,2,0,8.5,100
2026-04-07 09:30:01.390,20260407,93001390,000009.SZ,735472,1,0,8.48,1000
2026-04-07 09:30:01.430,20260407,93001430,000009.SZ,738073,2,0,8.5,13000
2026-04-07 09:30:01.490,20260407,93001490,000009.SZ,742179,1,0,8.46,200
2026-04-07 09:30:01.510,20260407,93001510,000009.SZ,744188,2,0,9.27,100
2026-04-07 09:30:01.520,20260407,93001520,000009.SZ,745123,2,0,8.86,500
2026-04-07 09:30:01.600,20260407,93001600,000009.SZ,752200,1,0,8.01,1000
2026-04-07 09:30:01.630,20260407,93001630,000009.SZ,755561,2,0,8.93,2700
2026-04-07 09:30:01.640,20260407,93001640,000009.SZ,755973,1,0,8.0,1000
2026-04-07 09:30:01.640,20260407,93001640,000009.SZ,756247,1,0,8.47,18300
2026-04-07 09:30:01.640,20260407,93001640,000009.SZ,756804,2,0,8.61,500
2026-04-07 09:30:01.650,20260407,93001650,000009.SZ,757060,1,0,8.41,500
2026-04-07 09:30:01.670,20260407,93001670,000009.SZ,759667,2,0,8.6,100
2026-04-07 09:30:01.680,20260407,93001680,000009.SZ,760344,1,0,8.45,15000
2026-04-07 09:30:01.730,20260407,93001730,000009.SZ,764627,2,0,8.63,1200
2026-04-07 09:30:01.790,20260407,93001790,000009.SZ,769656,1,0,8.01,100
2026-04-07 09:30:01.800,20260407,93001800,000009.SZ,770480,2,0,8.46,500
2026-04-07 09:30:01.810,20260407,93001810,000009.SZ,771063,2,0,8.48,200
2026-04-07 09:30:01.820,20260407,93001820,000009.SZ,771226,2,0,8.98,1300
2026-04-07 09:30:01.840,20260407,93001840,000009.SZ,772400,1,0,8.48,1500
2026-04-07 09:30:01.840,20260407,93001840,000009.SZ,772725,2,0,9.27,1900
2026-04-07 09:30:01.880,20260407,93001880,000009.SZ,776424,2,0,8.46,600
2026-04-07 09:30:01.950,20260407,93001950,000009.SZ,781466,2,0,8.79,3000
2026-04-07 09:30:01.950,20260407,93001950,000009.SZ,781566,2,0,8.48,300
2026-04-07 09:30:01.990,20260407,93001990,000009.SZ,783741,2,0,8.48,100
2026-04-07 09:30:02.030,20260407,93002030,000009.SZ,785844,2,0,9.25,200
2026-04-07 09:30:02.030,20260407,93002030,000009.SZ,785942,2,0,8.55,500
2026-04-07 09:30:02.030,20260407,93002030,000009.SZ,786199,2,0,8.48,100
2026-04-07 09:30:02.120,20260407,93002120,000009.SZ,792590,2,0,9.05,500
2026-04-07 09:30:02.130,20260407,93002130,000009.SZ,792977,1,0,8.51,900
2026-04-07 09:30:02.180,20260407,93002180,000009.SZ,795234,1,0,8.32,1200
2026-04-07 09:30:02.260,20260407,93002260,000009.SZ,799316,2,0,8.48,100
2026-04-07 09:30:02.290,20260407,93002290,000009.SZ,801422,2,0,9.12,1000
2026-04-07 09:30:02.290,20260407,93002290,000009.SZ,801597,2,0,8.61,100
2026-04-07 09:30:02.300,20260407,93002300,000009.SZ,801843,1,0,8.48,500
2026-04-07 09:30:02.310,20260407,93002310,000009.SZ,802636,1,0,8.46,500
2026-04-07 09:30:02.360,20260407,93002360,000009.SZ,805443,2,0,8.66,3500
2026-04-07 09:30:02.370,20260407,93002370,000009.SZ,806203,2,0,8.8,800
2026-04-07 09:30:02.370,20260407,93002370,000009.SZ,806376,1,0,8.38,1500
2026-04-07 09:30:02.380,20260407,93002380,000009.SZ,806715,1,0,8.46,300
2026-04-07 09:30:02.380,20260407,93002380,000009.SZ,806825,2,0,9.0,1000
2026-04-07 09:30:02.460,20260407,93002460,000009.SZ,810489,2,0,8.72,1100
2026-04-07 09:30:02.530,20260407,93002530,000009.SZ,813595,2,0,8.88,500
2026-04-07 09:30:02.550,20260407,93002550,000009.SZ,814450,1,0,8.52,100
2026-04-07 09:30:02.590,20260407,93002590,000009.SZ,816465,1,0,8.48,2400
2026-04-07 09:30:02.640,20260407,93002640,000009.SZ,820077,1,0,8.45,100
2026-04-07 09:30:02.640,20260407,93002640,000009.SZ,820247,2,1,0.0,100
2026-04-07 09:30:02.660,20260407,93002660,000009.SZ,821247,1,0,8.4,500
2026-04-07 09:30:02.690,20260407,93002690,000009.SZ,823179,1,0,8.43,2000
2026-04-07 09:30:02.760,20260407,93002760,000009.SZ,826098,2,0,8.47,100
2026-04-07 09:30:02.830,20260407,93002830,000009.SZ,828838,2,0,9.08,2100
2026-04-07 09:30:02.990,20260407,93002990,000009.SZ,835449,2,0,8.47,300
2026-04-07 09:30:03.010,20260407,93003010,000009.SZ,836081,1,0,8.3,300
2026-04-07 09:30:03.040,20260407,93003040,000009.SZ,836983,2,0,8.8,1500
2026-04-07 09:30:03.050,20260407,93003050,000009.SZ,837426,1,0,8.44,1200
2026-04-07 09:30:03.110,20260407,93003110,000009.SZ,839770,1,0,8.48,2000
2026-04-07 09:30:03.110,20260407,93003110,000009.SZ,839884,1,0,8.47,100
2026-04-07 09:30:03.140,20260407,93003140,000009.SZ,840525,2,0,8.48,900
2026-04-07 09:30:03.150,20260407,93003150,000009.SZ,841013,2,0,8.47,300
2026-04-07 09:30:03.150,20260407,93003150,000009.SZ,841141,2,0,8.46,400
2026-04-07 09:30:03.150,20260407,93003150,000009.SZ,841331,2,0,8.48,400
2026-04-07 09:30:03.150,20260407,93003150,000009.SZ,841336,2,0,8.48,500
2026-04-07 09:30:03.150,20260407,93003150,000009.SZ,841569,1,0,8.48,400
2026-04-07 09:30:03.150,20260407,93003150,000009.SZ,841578,1,0,8.48,100
2026-04-07 09:30:03.150,20260407,93003150,000009.SZ,841582,1,0,8.48,100
2026-04-07 09:30:03.160,20260407,93003160,000009.SZ,841871,2,0,8.48,1500
2026-04-07 09:30:03.160,20260407,93003160,000009.SZ,841877,2,0,8.48,400
2026-04-07 09:30:03.160,20260407,93003160,000009.SZ,841951,2,0,8.48,1300
2026-04-07 09:30:03.190,20260407,93003190,000009.SZ,843117,2,0,8.56,846
2026-04-07 09:30:03.250,20260407,93003250,000009.SZ,846391,1,0,8.47,200
2026-04-07 09:30:03.270,20260407,93003270,000009.SZ,847501,1,0,8.48,800
2026-04-07 09:30:03.320,20260407,93003320,000009.SZ,850270,1,0,8.43,1600
2026-04-07 09:30:03.330,20260407,93003330,000009.SZ,850723,1,0,8.54,100
2026-04-07 09:30:03.400,20260407,93003400,000009.SZ,853494,1,0,8.48,1200
2026-04-07 09:30:03.490,20260407,93003490,000009.SZ,856481,2,0,9.27,2000
2026-04-07 09:30:03.560,20260407,93003560,000009.SZ,861554,2,0,9.27,4300
2026-04-07 09:30:03.600,20260407,93003600,000009.SZ,864264,2,0,8.58,20000
2026-04-07 09:30:03.610,20260407,93003610,000009.SZ,864703,2,0,9.05,1000
2026-04-07 09:30:03.620,20260407,93003620,000009.SZ,865539,2,0,8.55,3000
2026-04-07 09:30:03.630,20260407,93003630,000009.SZ,866436,1,0,8.37,400
2026-04-07 09:30:03.670,20260407,93003670,000009.SZ,868127,1,0,8.46,200
2026-04-07 09:30:03.780,20260407,93003780,000009.SZ,872070,2,1,0.0,100
2026-04-07 09:30:03.800,20260407,93003800,000009.SZ,873226,2,0,8.59,2000
2026-04-07 09:30:03.800,20260407,93003800,000009.SZ,873307,2,0,8.9,500
2026-04-07 09:30:03.800,20260407,93003800,000009.SZ,873434,2,0,8.47,400
2026-04-07 09:30:03.830,20260407,93003830,000009.SZ,874053,1,0,8.46,600
2026-04-07 09:30:03.860,20260407,93003860,000009.SZ,875225,2,0,8.48,4800
2026-04-07 09:30:03.880,20260407,93003880,000009.SZ,876107,2,1,0.0,700
2026-04-07 09:30:03.890,20260407,93003890,000009.SZ,876163,1,0,8.52,100
2026-04-07 09:30:03.890,20260407,93003890,000009.SZ,876373,1,0,8.4,2100
2026-04-07 09:30:03.900,20260407,93003900,000009.SZ,876418,1,0,8.48,100
2026-04-07 09:30:03.920,20260407,93003920,000009.SZ,877330,1,0,8.4,3000
2026-04-07 09:30:04.040,20260407,93004040,000009.SZ,880823,2,0,8.47,100
2026-04-07 09:30:04.060,20260407,93004060,000009.SZ,881349,2,0,8.47,200
2026-04-07 09:30:04.060,20260407,93004060,000009.SZ,881406,2,0,8.47,5000
2026-04-07 09:30:04.060,20260407,93004060,000009.SZ,881418,2,0,8.47,100
2026-04-07 09:30:04.080,20260407,93004080,000009.SZ,882013,2,0,8.58,5000
2026-04-07 09:30:04.110,20260407,93004110,000009.SZ,882995,2,0,8.47,100
2026-04-07 09:30:04.170,20260407,93004170,000009.SZ,884594,2,0,8.47,400
2026-04-07 09:30:04.200,20260407,93004200,000009.SZ,885383,2,1,0.0,600
2026-04-07 09:30:04.220,20260407,93004220,000009.SZ,886148,1,0,8.4,500
2026-04-07 09:30:04.250,20260407,93004250,000009.SZ,887595,2,0,8.46,100
2026-04-07 09:30:04.320,20260407,93004320,000009.SZ,889729,2,0,8.5,100
2026-04-07 09:30:04.410,20260407,93004410,000009.SZ,891862,2,0,8.48,600
2026-04-07 09:30:04.430,20260407,93004430,000009.SZ,892898,1,0,8.46,700
2026-04-07 09:30:04.530,20260407,93004530,000009.SZ,897291,1,0,8.4,1500
2026-04-07 09:30:04.560,20260407,93004560,000009.SZ,898733,1,0,8.41,2400
2026-04-07 09:30:04.570,20260407,93004570,000009.SZ,899093,2,0,8.58,2300
2026-04-07 09:30:04.580,20260407,93004580,000009.SZ,899575,2,0,8.48,600
2026-04-07 09:30:04.610,20260407,93004610,000009.SZ,900729,1,0,8.46,11800
2026-04-07 09:30:04.610,20260407,93004610,000009.SZ,900761,1,0,8.4,800
2026-04-07 09:30:04.630,20260407,93004630,000009.SZ,901624,1,0,8.5,600
2026-04-07 09:30:04.700,20260407,93004700,000009.SZ,905073,1,0,8.64,100
2026-04-07 09:30:04.980,20260407,93004980,000009.SZ,912768,2,0,8.47,100
2026-04-07 09:30:05.110,20260407,93005110,000009.SZ,915244,1,0,8.52,100
2026-04-07 09:30:05.400,20260407,93005400,000009.SZ,920384,2,0,8.47,1200
2026-04-07 09:30:05.410,20260407,93005410,000009.SZ,920619,2,0,8.51,2300
2026-04-07 09:30:05.530,20260407,93005530,000009.SZ,922950,2,0,8.47,600
2026-04-07 09:30:05.540,20260407,93005540,000009.SZ,923188,2,0,8.47,500
2026-04-07 09:30:05.570,20260407,93005570,000009.SZ,923789,2,0,9.1,1900
2026-04-07 09:30:05.610,20260407,93005610,000009.SZ,925063,2,0,8.9,4800
2026-04-07 09:30:05.610,20260407,93005610,000009.SZ,925137,2,0,8.62,400
2026-04-07 09:30:05.640,20260407,93005640,000009.SZ,926067,2,0,9.27,500
2026-04-07 09:30:05.870,20260407,93005870,000009.SZ,929831,2,0,8.68,100
2026-04-07 09:30:06.150,20260407,93006150,000009.SZ,934162,2,0,8.47,1900
2026-04-07 09:30:06.150,20260407,93006150,000009.SZ,934184,2,0,8.47,1800
2026-04-07 09:30:06.150,20260407,93006150,000009.SZ,934262,2,0,8.47,4000
2026-04-07 09:30:06.150,20260407,93006150,000009.SZ,934264,2,0,8.47,3600
2026-04-07 09:30:06.150,20260407,93006150,000009.SZ,934268,2,0,8.47,3000
2026-04-07 09:30:06.150,20260407,93006150,000009.SZ,934269,2,0,8.47,1100
2026-04-07 09:30:06.150,20260407,93006150,000009.SZ,934272,2,0,8.47,700
2026-04-07 09:30:06.150,20260407,93006150,000009.SZ,934273,2,0,8.47,4500
2026-04-07 09:30:06.150,20260407,93006150,000009.SZ,934274,2,0,8.47,2100
2026-04-07 09:30:06.150,20260407,93006150,000009.SZ,934275,2,0,8.47,1300
2026-04-07 09:30:06.150,20260407,93006150,000009.SZ,934276,2,0,8.47,3500
2026-04-07 09:30:06.150,20260407,93006150,000009.SZ,934277,2,0,8.47,900
2026-04-07 09:30:06.150,20260407,93006150,000009.SZ,934282,2,0,8.47,7000
2026-04-07 09:30:06.150,20260407,93006150,000009.SZ,934283,2,0,8.47,2100
2026-04-07 09:30:06.150,20260407,93006150,000009.SZ,934284,2,0,8.47,700
2026-04-07 09:30:06.150,20260407,93006150,000009.SZ,934285,2,0,8.47,5400
2026-04-07 09:30:06.150,20260407,93006150,000009.SZ,934286,2,0,8.47,6000
2026-04-07 09:30:06.150,20260407,93006150,000009.SZ,934291,2,0,8.47,1000
2026-04-07 09:30:06.150,20260407,93006150,000009.SZ,934293,2,0,8.47,3000
2026-04-07 09:30:06.150,20260407,93006150,000009.SZ,934295,2,0,8.47,6100
2026-04-07 09:30:06.150,20260407,93006150,000009.SZ,934298,2,0,8.47,4700
2026-04-07 09:30:06.150,20260407,93006150,000009.SZ,934299,2,0,8.47,4000
2026-04-07 09:30:06.150,20260407,93006150,000009.SZ,934300,2,0,8.47,3300
2026-04-07 09:30:06.150,20260407,93006150,000009.SZ,934301,2,0,8.47,5100
2026-04-07 09:30:06.150,20260407,93006150,000009.SZ,934302,2,0,8.47,3800
2026-04-07 09:30:06.150,20260407,93006150,000009.SZ,934303,2,0,8.47,1600
2026-04-07 09:30:06.150,20260407,93006150,000009.SZ,934304,2,0,8.47,2800
2026-04-07 09:30:06.150,20260407,93006150,000009.SZ,934307,2,0,8.47,5200
2026-04-07 09:30:06.150,20260407,93006150,000009.SZ,934308,2,0,8.47,2300
2026-04-07 09:30:06.150,20260407,93006150,000009.SZ,934309,2,0,8.47,2300
2026-04-07 09:30:06.150,20260407,93006150,000009.SZ,934310,2,0,8.47,2800
2026-04-07 09:30:06.150,20260407,93006150,000009.SZ,934311,2,0,8.47,1700
2026-04-07 09:30:06.150,20260407,93006150,000009.SZ,934312,2,0,8.47,700
2026-04-07 09:30:06.150,20260407,93006150,000009.SZ,934330,2,0,8.47,3600
2026-04-07 09:30:06.150,20260407,93006150,000009.SZ,934336,2,0,8.47,7200
2026-04-07 09:30:06.150,20260407,93006150,000009.SZ,934338,2,0,8.47,4000
2026-04-07 09:30:06.150,20260407,93006150,000009.SZ,934340,2,0,8.47,1400
2026-04-07 09:30:06.220,20260407,93006220,000009.SZ,936344,1,0,8.47,200
2026-04-07 09:30:06.370,20260407,93006370,000009.SZ,940525,2,0,8.47,600
2026-04-07 09:30:06.370,20260407,93006370,000009.SZ,940539,2,0,8.47,1100
2026-04-07 09:30:06.490,20260407,93006490,000009.SZ,943119,2,0,8.49,3600
2026-04-07 09:30:06.710,20260407,93006710,000009.SZ,951968,1,0,8.47,100
2026-04-07 09:30:06.770,20260407,93006770,000009.SZ,953851,2,0,8.49,1100
2026-04-07 09:30:06.900,20260407,93006900,000009.SZ,956523,2,0,8.65,1000
2026-04-07 09:30:06.910,20260407,93006910,000009.SZ,956768,2,0,8.48,100
2026-04-07 09:30:06.910,20260407,93006910,000009.SZ,956790,2,0,8.48,300
2026-04-07 09:30:07.030,20260407,93007030,000009.SZ,959057,1,0,8.54,1200
2026-04-07 09:30:07.330,20260407,93007330,000009.SZ,965895,2,0,8.47,100
2026-04-07 09:30:07.740,20260407,93007740,000009.SZ,975589,1,0,8.51,100
2026-04-07 09:30:08.580,20260407,93008580,000009.SZ,990377,1,0,8.48,500
2026-04-07 09:30:08.620,20260407,93008620,000009.SZ,990940,1,0,8.48,200
2026-04-07 09:30:08.760,20260407,93008760,000009.SZ,993216,2,0,8.48,100
2026-04-07 09:30:09.150,20260407,93009150,000009.SZ,998967,2,0,8.46,1100
2026-04-07 09:30:09.150,20260407,93009150,000009.SZ,998981,2,0,8.46,900
2026-04-07 09:30:09.150,20260407,93009150,000009.SZ,998993,2,0,8.46,900
2026-04-07 09:30:09.150,20260407,93009150,000009.SZ,998995,2,0,8.46,300
2026-04-07 09:30:09.150,20260407,93009150,000009.SZ,999000,2,0,8.46,400
2026-04-07 09:30:09.150,20260407,93009150,000009.SZ,999002,2,0,8.46,500
2026-04-07 09:30:09.150,20260407,93009150,000009.SZ,999004,2,0,8.46,600
2026-04-07 09:30:09.150,20260407,93009150,000009.SZ,999006,2,0,8.46,600
2026-04-07 09:30:09.150,20260407,93009150,000009.SZ,999009,2,0,8.46,5900
2026-04-07 09:30:09.150,20260407,93009150,000009.SZ,999011,2,0,8.46,700
2026-04-07 09:30:09.150,20260407,93009150,000009.SZ,999016,2,0,8.46,800
2026-04-07 09:30:09.150,20260407,93009150,000009.SZ,999018,2,0,8.46,3800
2026-04-07 09:30:09.150,20260407,93009150,000009.SZ,999028,2,0,8.46,200
2026-04-07 09:30:09.150,20260407,93009150,000009.SZ,999038,2,0,8.46,400
2026-04-07 09:30:09.150,20260407,93009150,000009.SZ,999067,2,0,8.46,500
2026-04-07 09:30:09.190,20260407,93009190,000009.SZ,999956,2,0,8.47,800
2026-04-07 09:30:09.210,20260407,93009210,000009.SZ,1000415,1,0,8.46,200
2026-04-07 09:30:09.210,20260407,93009210,000009.SZ,1000418,1,0,8.46,200
2026-04-07 09:30:09.390,20260407,93009390,000009.SZ,1004892,1,0,8.48,100
2026-04-07 09:30:09.390,20260407,93009390,000009.SZ,1004908,1,0,8.48,100
2026-04-07 09:30:09.630,20260407,93009630,000009.SZ,1010632,2,0,8.47,800
2026-04-07 09:30:09.630,20260407,93009630,000009.SZ,1010637,2,0,8.47,300
2026-04-07 09:30:09.630,20260407,93009630,000009.SZ,1010641,2,0,8.47,100
2026-04-07 09:30:09.630,20260407,93009630,000009.SZ,1010647,2,0,8.47,600
2026-04-07 09:30:09.630,20260407,93009630,000009.SZ,1010649,2,0,8.47,200
2026-04-07 09:30:09.630,20260407,93009630,000009.SZ,1010652,2,0,8.47,100
2026-04-07 09:30:09.630,20260407,93009630,000009.SZ,1010924,2,0,8.47,600
2026-04-07 09:30:09.880,20260407,93009880,000009.SZ,1017381,2,0,8.48,600
2026-04-07 09:30:09.930,20260407,93009930,000009.SZ,1018071,2,0,8.46,100
2026-04-07 09:30:10.100,20260407,93010100,000009.SZ,1020832,2,0,8.48,600
2026-04-07 09:30:10.400,20260407,93010400,000009.SZ,1028593,1,0,8.47,300
2026-04-07 09:30:11.160,20260407,93011160,000009.SZ,1042425,2,0,8.47,400
2026-04-07 09:30:11.400,20260407,93011400,000009.SZ,1045280,1,0,8.49,200
2026-04-07 09:30:11.880,20260407,93011880,000009.SZ,1050359,2,0,8.44,3400
2026-04-07 09:30:11.880,20260407,93011880,000009.SZ,1050375,1,0,8.48,300
2026-04-07 09:30:11.880,20260407,93011880,000009.SZ,1050440,2,0,8.44,700
2026-04-07 09:30:11.960,20260407,93011960,000009.SZ,1051033,1,0,8.44,100
2026-04-07 09:30:12.010,20260407,93012010,000009.SZ,1051762,1,0,8.55,600
2026-04-07 09:30:12.040,20260407,93012040,000009.SZ,1052289,2,0,8.6,1000
2026-04-07 09:30:12.140,20260407,93012140,000009.SZ,1053565,2,0,8.48,5000
2026-04-07 09:30:12.150,20260407,93012150,000009.SZ,1053833,1,0,8.47,800
2026-04-07 09:30:12.150,20260407,93012150,000009.SZ,1053839,1,0,8.47,100
2026-04-07 09:30:12.150,20260407,93012150,000009.SZ,1053848,1,0,8.47,400
2026-04-07 09:30:12.150,20260407,93012150,000009.SZ,1053851,1,0,8.47,100
2026-04-07 09:30:12.150,20260407,93012150,000009.SZ,1053911,1,0,8.47,400
2026-04-07 09:30:12.150,20260407,93012150,000009.SZ,1053914,1,0,8.47,100
2026-04-07 09:30:12.150,20260407,93012150,000009.SZ,1053918,1,0,8.47,100
2026-04-07 09:30:12.150,20260407,93012150,000009.SZ,1053920,1,0,8.47,400
2026-04-07 09:30:12.150,20260407,93012150,000009.SZ,1053986,1,0,8.47,900
2026-04-07 09:30:12.230,20260407,93012230,000009.SZ,1055709,1,0,8.46,200
2026-04-07 09:30:12.650,20260407,93012650,000009.SZ,1066733,2,0,8.53,5200
2026-04-07 09:30:12.690,20260407,93012690,000009.SZ,1067764,2,0,8.88,6000
2026-04-07 09:30:12.780,20260407,93012780,000009.SZ,1070292,2,0,8.47,400
2026-04-07 09:30:12.790,20260407,93012790,000009.SZ,1070482,2,0,9.27,500
2026-04-07 09:30:12.810,20260407,93012810,000009.SZ,1071051,2,0,8.46,2400
2026-04-07 09:30:12.880,20260407,93012880,000009.SZ,1072414,2,0,8.49,3700
2026-04-07 09:30:13.150,20260407,93013150,000009.SZ,1076533,1,0,8.47,900
2026-04-07 09:30:13.580,20260407,93013580,000009.SZ,1087500,1,0,7.6,600
2026-04-07 09:30:14.300,20260407,93014300,000009.SZ,1099582,1,0,8.55,600
2026-04-07 09:30:14.420,20260407,93014420,000009.SZ,1101137,2,0,8.49,1400
2026-04-07 09:30:14.530,20260407,93014530,000009.SZ,1102308,1,0,8.47,400
2026-04-07 09:30:14.820,20260407,93014820,000009.SZ,1105347,2,0,8.76,700
2026-04-07 09:30:15.090,20260407,93015090,000009.SZ,1109024,2,0,8.99,200
2026-04-07 09:30:15.220,20260407,93015220,000009.SZ,1110990,1,0,8.48,7700
2026-04-07 09:30:15.220,20260407,93015220,000009.SZ,1111006,1,0,8.48,1500
2026-04-07 09:30:15.290,20260407,93015290,000009.SZ,1112178,2,0,8.47,200
2026-04-07 09:30:15.350,20260407,93015350,000009.SZ,1114477,1,0,8.48,200
2026-04-07 09:30:15.370,20260407,93015370,000009.SZ,1115023,2,0,8.6,2600
2026-04-07 09:30:15.380,20260407,93015380,000009.SZ,1115260,2,0,8.47,100
2026-04-07 09:30:15.430,20260407,93015430,000009.SZ,1116298,2,0,8.48,100
2026-04-07 09:30:16.370,20260407,93016370,000009.SZ,1134308,2,0,8.47,100
2026-04-07 09:30:16.590,20260407,93016590,000009.SZ,1141749,2,0,8.48,100
2026-04-07 09:30:17.490,20260407,93017490,000009.SZ,1154997,1,0,8.46,1000
2026-04-07 09:30:17.580,20260407,93017580,000009.SZ,1156141,1,1,0.0,600
2026-04-07 09:30:17.630,20260407,93017630,000009.SZ,1156709,1,0,8.47,15400
2026-04-07 09:30:17.720,20260407,93017720,000009.SZ,1157532,1,0,8.46,1000
2026-04-07 09:30:17.760,20260407,93017760,000009.SZ,1158035,2,0,8.48,400
2026-04-07 09:30:18.150,20260407,93018150,000009.SZ,1163564,1,0,8.48,100
2026-04-07 09:30:18.150,20260407,93018150,000009.SZ,1163571,1,0,8.48,200
2026-04-07 09:30:18.150,20260407,93018150,000009.SZ,1163577,2,0,8.48,600
2026-04-07 09:30:18.150,20260407,93018150,000009.SZ,1163578,1,0,8.48,300
2026-04-07 09:30:18.150,20260407,93018150,000009.SZ,1163580,1,0,8.48,100
2026-04-07 09:30:18.150,20260407,93018150,000009.SZ,1163590,1,0,8.48,1300
2026-04-07 09:30:18.150,20260407,93018150,000009.SZ,1163645,1,0,8.48,700
2026-04-07 09:30:18.150,20260407,93018150,000009.SZ,1163658,1,0,8.48,200
2026-04-07 09:30:18.160,20260407,93018160,000009.SZ,1163873,1,0,8.48,300
2026-04-07 09:30:18.160,20260407,93018160,000009.SZ,1163877,1,0,8.48,300
2026-04-07 09:30:18.160,20260407,93018160,000009.SZ,1163880,1,0,8.48,100
2026-04-07 09:30:18.160,20260407,93018160,000009.SZ,1163882,1,0,8.48,400
2026-04-07 09:30:18.180,20260407,93018180,000009.SZ,1164102,1,0,8.48,400
2026-04-07 09:30:18.180,20260407,93018180,000009.SZ,1164104,1,0,8.48,3700
2026-04-07 09:30:18.210,20260407,93018210,000009.SZ,1164419,1,0,8.49,1200
2026-04-07 09:30:18.230,20260407,93018230,000009.SZ,1164886,1,0,8.47,900
2026-04-07 09:30:18.230,20260407,93018230,000009.SZ,1164912,1,0,8.47,900
2026-04-07 09:30:18.240,20260407,93018240,000009.SZ,1165210,2,0,8.47,400
2026-04-07 09:30:18.310,20260407,93018310,000009.SZ,1167139,2,0,8.48,100
2026-04-07 09:30:18.470,20260407,93018470,000009.SZ,1170546,2,0,8.48,300
2026-04-07 09:30:18.750,20260407,93018750,000009.SZ,1177866,1,0,8.47,800
2026-04-07 09:30:18.780,20260407,93018780,000009.SZ,1178653,2,0,8.48,2200
2026-04-07 09:30:19.000,20260407,93019000,000009.SZ,1182668,2,0,8.46,1100
2026-04-07 09:30:19.010,20260407,93019010,000009.SZ,1182864,2,0,8.46,600
2026-04-07 09:30:19.830,20260407,93019830,000009.SZ,1199356,1,0,8.48,400
2026-04-07 09:30:19.960,20260407,93019960,000009.SZ,1201303,1,0,8.3,5000
2026-04-07 09:30:20.180,20260407,93020180,000009.SZ,1204707,1,0,8.47,100
2026-04-07 09:30:20.220,20260407,93020220,000009.SZ,1205310,1,0,8.47,100
2026-04-07 09:30:20.400,20260407,93020400,000009.SZ,1207919,1,0,8.45,500
2026-04-07 09:30:20.440,20260407,93020440,000009.SZ,1208468,1,0,8.48,100
2026-04-07 09:30:20.440,20260407,93020440,000009.SZ,1208585,2,0,8.47,100
2026-04-07 09:30:21.020,20260407,93021020,000009.SZ,1215950,2,0,8.38,1200
2026-04-07 09:30:21.020,20260407,93021020,000009.SZ,1216020,2,0,8.47,300
2026-04-07 09:30:21.150,20260407,93021150,000009.SZ,1217892,2,0,8.49,100
2026-04-07 09:30:21.150,20260407,93021150,000009.SZ,1217893,2,0,8.49,200
2026-04-07 09:30:21.150,20260407,93021150,000009.SZ,1217934,2,0,8.49,100
2026-04-07 09:30:21.220,20260407,93021220,000009.SZ,1219154,1,0,8.47,600
2026-04-07 09:30:21.370,20260407,93021370,000009.SZ,1223209,1,0,8.48,1100
2026-04-07 09:30:22.770,20260407,93022770,000009.SZ,1252945,2,0,8.48,900
2026-04-07 09:30:22.870,20260407,93022870,000009.SZ,1254218,1,0,8.3,500
2026-04-07 09:30:23.810,20260407,93023810,000009.SZ,1265107,1,0,8.47,3000
2026-04-07 09:30:24.250,20260407,93024250,000009.SZ,1272303,1,0,8.48,100
2026-04-07 09:30:24.260,20260407,93024260,000009.SZ,1272575,2,0,8.48,500
2026-04-07 09:30:24.710,20260407,93024710,000009.SZ,1282508,2,0,8.56,1000
2026-04-07 09:30:24.870,20260407,93024870,000009.SZ,1285368,1,0,8.51,300
2026-04-07 09:30:24.970,20260407,93024970,000009.SZ,1286924,1,0,8.46,200
2026-04-07 09:30:25.500,20260407,93025500,000009.SZ,1296635,1,1,0.0,600
2026-04-07 09:30:25.530,20260407,93025530,000009.SZ,1297268,2,0,8.39,700
2026-04-07 09:30:25.760,20260407,93025760,000009.SZ,1301788,2,0,8.49,100
2026-04-07 09:30:25.840,20260407,93025840,000009.SZ,1302685,1,0,8.5,400
2026-04-07 09:30:25.840,20260407,93025840,000009.SZ,1302763,1,0,8.5,200
2026-04-07 09:30:25.910,20260407,93025910,000009.SZ,1303453,1,0,8.48,1000
2026-04-07 09:30:25.970,20260407,93025970,000009.SZ,1304065,1,0,8.51,500
2026-04-07 09:30:26.170,20260407,93026170,000009.SZ,1306511,1,0,8.49,300
2026-04-07 09:30:26.470,20260407,93026470,000009.SZ,1310026,1,0,8.51,200
2026-04-07 09:30:26.500,20260407,93026500,000009.SZ,1310258,2,0,8.48,100
2026-04-07 09:30:26.870,20260407,93026870,000009.SZ,1314057,2,0,8.9,1000
2026-04-07 09:30:27.240,20260407,93027240,000009.SZ,1320110,1,0,8.48,400
2026-04-07 09:30:28.280,20260407,93028280,000009.SZ,1340145,1,0,8.46,100
2026-04-07 09:30:28.440,20260407,93028440,000009.SZ,1344516,1,0,8.18,200
2026-04-07 09:30:28.970,20260407,93028970,000009.SZ,1353357,1,0,8.5,1900
2026-04-07 09:30:29.970,20260407,93029970,000009.SZ,1366087,2,0,8.49,3000
2026-04-07 09:30:29.970,20260407,93029970,000009.SZ,1366146,2,0,8.48,100
2026-04-07 09:30:30.000,20260407,93030000,000009.SZ,1366417,2,0,8.48,100
2026-04-07 09:30:30.130,20260407,93030130,000009.SZ,1368608,2,0,8.48,500
2026-04-07 09:30:30.210,20260407,93030210,000009.SZ,1369944,1,0,8.48,100
2026-04-07 09:30:30.220,20260407,93030220,000009.SZ,1370182,1,0,8.48,200
2026-04-07 09:30:30.340,20260407,93030340,000009.SZ,1373237,2,0,8.99,1000
2026-04-07 09:30:30.370,20260407,93030370,000009.SZ,1374135,1,0,8.45,400
2026-04-07 09:30:30.640,20260407,93030640,000009.SZ,1379892,2,0,9.02,1000
2026-04-07 09:30:31.880,20260407,93031880,000009.SZ,1405637,1,0,8.47,2000
2026-04-07 09:30:32.500,20260407,93032500,000009.SZ,1414058,1,0,8.48,600
2026-04-07 09:30:32.900,20260407,93032900,000009.SZ,1418287,2,0,8.48,200
2026-04-07 09:30:33.150,20260407,93033150,000009.SZ,1421253,1,0,7.89,100
2026-04-07 09:30:33.150,20260407,93033150,000009.SZ,1421264,1,0,8.2,100
2026-04-07 09:30:33.150,20260407,93033150,000009.SZ,1421268,1,0,8.1,100
2026-04-07 09:30:33.150,20260407,93033150,000009.SZ,1421274,1,0,7.85,100
2026-04-07 09:30:33.150,20260407,93033150,000009.SZ,1421275,1,0,7.97,100
2026-04-07 09:30:33.150,20260407,93033150,000009.SZ,1421276,1,0,7.94,100
2026-04-07 09:30:33.150,20260407,93033150,000009.SZ,1421281,1,0,7.84,100
2026-04-07 09:30:33.150,20260407,93033150,000009.SZ,1421282,1,0,8.08,100
2026-04-07 09:30:33.150,20260407,93033150,000009.SZ,1421283,1,0,7.96,100
2026-04-07 09:30:33.150,20260407,93033150,000009.SZ,1421284,1,0,8.22,100
2026-04-07 09:30:33.150,20260407,93033150,000009.SZ,1421288,1,0,8.01,100
2026-04-07 09:30:33.150,20260407,93033150,000009.SZ,1421297,1,0,8.29,100
2026-04-07 09:30:33.150,20260407,93033150,000009.SZ,1421305,1,0,8.28,100
2026-04-07 09:30:33.150,20260407,93033150,000009.SZ,1421313,1,0,8.18,100
2026-04-07 09:30:33.150,20260407,93033150,000009.SZ,1421323,1,0,7.88,100
2026-04-07 09:30:33.150,20260407,93033150,000009.SZ,1421327,1,0,7.99,100
2026-04-07 09:30:33.150,20260407,93033150,000009.SZ,1421332,1,0,8.11,100
2026-04-07 09:30:33.150,20260407,93033150,000009.SZ,1421333,1,0,8.13,100
2026-04-07 09:30:33.170,20260407,93033170,000009.SZ,1421923,1,0,8.05,100
2026-04-07 09:30:33.170,20260407,93033170,000009.SZ,1421939,1,0,8.26,100
2026-04-07 09:30:33.210,20260407,93033210,000009.SZ,1423008,1,1,0.0,1800
2026-04-07 09:30:33.210,20260407,93033210,000009.SZ,1423204,1,0,8.16,100
2026-04-07 09:30:33.240,20260407,93033240,000009.SZ,1424519,1,0,8.48,300
2026-04-07 09:30:33.490,20260407,93033490,000009.SZ,1431393,1,0,8.45,900
2026-04-07 09:30:34.190,20260407,93034190,000009.SZ,1450235,1,0,8.48,500
2026-04-07 09:30:34.390,20260407,93034390,000009.SZ,1455829,1,0,8.57,600
2026-04-07 09:30:34.480,20260407,93034480,000009.SZ,1458057,1,0,8.49,10000
2026-04-07 09:30:34.500,20260407,93034500,000009.SZ,1458466,1,0,8.49,3400
2026-04-07 09:30:36.150,20260407,93036150,000009.SZ,1486756,2,0,8.5,200
2026-04-07 09:30:36.150,20260407,93036150,000009.SZ,1487085,2,0,8.5,100
2026-04-07 09:30:36.320,20260407,93036320,000009.SZ,1491987,1,0,8.57,600
2026-04-07 09:30:36.390,20260407,93036390,000009.SZ,1494881,1,0,8.5,3400
2026-04-07 09:30:36.410,20260407,93036410,000009.SZ,1495286,1,0,8.52,200
2026-04-07 09:30:36.540,20260407,93036540,000009.SZ,1497537,1,0,8.5,600
2026-04-07 09:30:36.670,20260407,93036670,000009.SZ,1500790,1,0,8.49,2200
2026-04-07 09:30:36.890,20260407,93036890,000009.SZ,1505552,2,0,8.51,100
2026-04-07 09:30:36.920,20260407,93036920,000009.SZ,1506013,2,0,8.48,1600
2026-04-07 09:30:36.950,20260407,93036950,000009.SZ,1506541,2,0,8.49,5300
2026-04-07 09:30:36.960,20260407,93036960,000009.SZ,1506757,2,0,8.49,1900
2026-04-07 09:30:37.080,20260407,93037080,000009.SZ,1508794,2,0,8.5,500
2026-04-07 09:30:37.230,20260407,93037230,000009.SZ,1511644,2,0,8.5,400
2026-04-07 09:30:37.590,20260407,93037590,000009.SZ,1518389,2,0,8.63,2000
2026-04-07 09:30:38.170,20260407,93038170,000009.SZ,1527425,1,0,8.51,1200
2026-04-07 09:30:38.290,20260407,93038290,000009.SZ,1529166,2,0,8.49,1200
2026-04-07 09:30:38.580,20260407,93038580,000009.SZ,1533818,1,0,8.61,600
2026-04-07 09:30:38.800,20260407,93038800,000009.SZ,1536881,2,0,8.49,100
2026-04-07 09:30:39.150,20260407,93039150,000009.SZ,1542872,1,0,8.49,100
2026-04-07 09:30:39.210,20260407,93039210,000009.SZ,1544386,1,0,8.48,600
2026-04-07 09:30:39.780,20260407,93039780,000009.SZ,1556380,1,0,8.58,600
2026-04-07 09:30:40.340,20260407,93040340,000009.SZ,1566749,1,1,0.0,1800
2026-04-07 09:30:40.340,20260407,93040340,000009.SZ,1566751,1,0,8.5,200
2026-04-07 09:30:40.380,20260407,93040380,000009.SZ,1567458,1,0,8.5,200
2026-04-07 09:30:40.440,20260407,93040440,000009.SZ,1569013,2,0,8.51,300
2026-04-07 09:30:40.570,20260407,93040570,000009.SZ,1571689,1,0,8.48,1700
2026-04-07 09:30:41.690,20260407,93041690,000009.SZ,1591513,1,0,8.5,11700
2026-04-07 09:30:41.940,20260407,93041940,000009.SZ,1595715,1,0,8.58,600
2026-04-07 09:30:42.100,20260407,93042100,000009.SZ,1598451,2,0,8.5,4000
2026-04-07 09:30:42.110,20260407,93042110,000009.SZ,1598506,2,0,8.51,200
2026-04-07 09:30:42.110,20260407,93042110,000009.SZ,1598522,2,0,8.51,100
2026-04-07 09:30:42.350,20260407,93042350,000009.SZ,1603228,2,0,8.51,100
2026-04-07 09:30:42.380,20260407,93042380,000009.SZ,1603909,1,0,8.49,100
2026-04-07 09:30:42.790,20260407,93042790,000009.SZ,1612232,2,0,8.48,300
2026-04-07 09:30:43.360,20260407,93043360,000009.SZ,1623204,1,0,8.42,1000
2026-04-07 09:30:43.560,20260407,93043560,000009.SZ,1627524,2,2,0.0,900
2026-04-07 09:30:43.810,20260407,93043810,000009.SZ,1632034,2,0,8.49,2000
2026-04-07 09:30:43.910,20260407,93043910,000009.SZ,1633477,2,0,8.51,6400
2026-04-07 09:30:44.040,20260407,93044040,000009.SZ,1635701,2,0,8.33,1200
2026-04-07 09:30:44.810,20260407,93044810,000009.SZ,1646432,1,0,8.48,200
2026-04-07 09:30:44.970,20260407,93044970,000009.SZ,1648370,2,0,8.6,500
2026-04-07 09:30:45.030,20260407,93045030,000009.SZ,1649007,2,0,8.39,1200
2026-04-07 09:30:45.030,20260407,93045030,000009.SZ,1649120,2,0,8.48,1400
2026-04-07 09:30:45.150,20260407,93045150,000009.SZ,1651098,1,0,8.48,2400
2026-04-07 09:30:45.220,20260407,93045220,000009.SZ,1652129,2,0,9.27,10000
2026-04-07 09:30:45.260,20260407,93045260,000009.SZ,1652838,1,1,0.0,600
2026-04-07 09:30:45.380,20260407,93045380,000009.SZ,1655104,1,0,8.5,300
2026-04-07 09:30:46.100,20260407,93046100,000009.SZ,1665513,1,0,8.49,20000
2026-04-07 09:30:46.110,20260407,93046110,000009.SZ,1665613,2,0,8.51,500
2026-04-07 09:30:46.120,20260407,93046120,000009.SZ,1665778,2,0,8.49,5600
2026-04-07 09:30:46.120,20260407,93046120,000009.SZ,1665789,2,0,8.5,1000
2026-04-07 09:30:46.120,20260407,93046120,000009.SZ,1665790,2,0,8.49,18900
2026-04-07 09:30:46.120,20260407,93046120,000009.SZ,1665798,2,0,8.51,100
2026-04-07 09:30:46.120,20260407,93046120,000009.SZ,1665807,2,0,8.5,1000
2026-04-07 09:30:46.120,20260407,93046120,000009.SZ,1665848,2,0,8.51,200
2026-04-07 09:30:46.380,20260407,93046380,000009.SZ,1669550,1,0,8.49,500
2026-04-07 09:30:46.460,20260407,93046460,000009.SZ,1670790,2,0,8.49,2000
2026-04-07 09:30:46.740,20260407,93046740,000009.SZ,1675463,2,0,8.35,900
2026-04-07 09:30:46.940,20260407,93046940,000009.SZ,1678872,2,0,8.79,500
2026-04-07 09:30:47.470,20260407,93047470,000009.SZ,1686014,1,0,8.47,100
2026-04-07 09:30:48.020,20260407,93048020,000009.SZ,1693719,2,0,8.48,1200
2026-04-07 09:30:48.030,20260407,93048030,000009.SZ,1693895,2,0,8.48,300
2026-04-07 09:30:48.090,20260407,93048090,000009.SZ,1694693,1,0,8.49,300
2026-04-07 09:30:48.120,20260407,93048120,000009.SZ,1695052,2,0,8.34,1200
2026-04-07 09:30:48.150,20260407,93048150,000009.SZ,1695499,1,0,7.6,200
2026-04-07 09:30:48.370,20260407,93048370,000009.SZ,1698995,2,0,8.59,1000
2026-04-07 09:30:48.650,20260407,93048650,000009.SZ,1702827,1,0,8.48,200
2026-04-07 09:30:48.890,20260407,93048890,000009.SZ,1706679,2,0,8.89,2200
2026-04-07 09:30:49.480,20260407,93049480,000009.SZ,1715348,2,0,8.49,100
2026-04-07 09:30:50.110,20260407,93050110,000009.SZ,1723602,1,0,8.51,600
2026-04-07 09:30:51.130,20260407,93051130,000009.SZ,1734751,1,1,0.0,600
2026-04-07 09:30:51.240,20260407,93051240,000009.SZ,1736114,2,0,8.63,2000
2026-04-07 09:30:51.600,20260407,93051600,000009.SZ,1741370,1,0,8.46,200
2026-04-07 09:30:51.700,20260407,93051700,000009.SZ,1742649,2,0,8.5,200
2026-04-07 09:30:51.710,20260407,93051710,000009.SZ,1742711,2,0,8.5,3300
2026-04-07 09:30:51.850,20260407,93051850,000009.SZ,1744286,2,0,8.48,100
2026-04-07 09:30:51.890,20260407,93051890,000009.SZ,1744860,2,0,8.47,1200
2026-04-07 09:30:51.990,20260407,93051990,000009.SZ,1746068,2,0,8.48,500
2026-04-07 09:30:52.070,20260407,93052070,000009.SZ,1747333,1,0,8.51,400
2026-04-07 09:30:52.090,20260407,93052090,000009.SZ,1747756,2,0,8.48,1300
2026-04-07 09:30:52.140,20260407,93052140,000009.SZ,1748249,2,0,9.27,8000
2026-04-07 09:30:52.250,20260407,93052250,000009.SZ,1749756,1,0,8.47,1000
2026-04-07 09:30:52.340,20260407,93052340,000009.SZ,1750608,2,0,8.48,700
2026-04-07 09:30:52.620,20260407,93052620,000009.SZ,1754996,2,0,8.48,600
2026-04-07 09:30:53.080,20260407,93053080,000009.SZ,1760379,2,0,8.5,16400
2026-04-07 09:30:53.240,20260407,93053240,000009.SZ,1762403,1,0,8.48,1000
2026-04-07 09:30:53.360,20260407,93053360,000009.SZ,1763613,1,0,8.51,200
2026-04-07 09:30:53.440,20260407,93053440,000009.SZ,1764502,2,0,8.48,200
2026-04-07 09:30:53.540,20260407,93053540,000009.SZ,1765602,1,0,8.55,200
2026-04-07 09:30:53.590,20260407,93053590,000009.SZ,1766065,1,0,8.49,1000
2026-04-07 09:30:53.780,20260407,93053780,000009.SZ,1767816,1,0,8.54,1000
2026-04-07 09:30:53.820,20260407,93053820,000009.SZ,1768126,1,0,8.47,6800
2026-04-07 09:30:54.120,20260407,93054120,000009.SZ,1771943,1,0,8.48,10000
2026-04-07 09:30:54.130,20260407,93054130,000009.SZ,1772018,1,0,8.4,500
2026-04-07 09:30:54.440,20260407,93054440,000009.SZ,1776022,1,0,8.49,400
2026-04-07 09:30:54.760,20260407,93054760,000009.SZ,1780435,2,0,8.5,10000
2026-04-07 09:30:54.970,20260407,93054970,000009.SZ,1782512,2,0,8.49,3100
2026-04-07 09:30:54.970,20260407,93054970,000009.SZ,1782516,2,0,8.49,2100
2026-04-07 09:30:55.240,20260407,93055240,000009.SZ,1786224,1,0,8.45,200
2026-04-07 09:30:55.710,20260407,93055710,000009.SZ,1793044,1,0,8.49,200
2026-04-07 09:30:55.720,20260407,93055720,000009.SZ,1793237,1,0,8.49,200
2026-04-07 09:30:55.880,20260407,93055880,000009.SZ,1794814,2,0,8.4,3700
2026-04-07 09:30:56.530,20260407,93056530,000009.SZ,1801289,2,0,8.48,700
2026-04-07 09:30:56.550,20260407,93056550,000009.SZ,1801536,2,0,8.48,600
2026-04-07 09:30:56.680,20260407,93056680,000009.SZ,1803025,2,0,8.49,100
2026-04-07 09:30:56.700,20260407,93056700,000009.SZ,1803216,2,0,8.49,600
2026-04-07 09:30:56.740,20260407,93056740,000009.SZ,1803531,2,0,8.48,700
2026-04-07 09:30:56.960,20260407,93056960,000009.SZ,1805933,1,0,8.57,600
2026-04-07 09:30:56.980,20260407,93056980,000009.SZ,1806215,1,0,8.26,1300
2026-04-07 09:30:57.000,20260407,93057000,000009.SZ,1806335,2,0,8.6,200
2026-04-07 09:30:57.030,20260407,93057030,000009.SZ,1806763,1,0,8.6,1200
2026-04-07 09:30:57.060,20260407,93057060,000009.SZ,1807160,2,0,8.48,700
2026-04-07 09:30:57.420,20260407,93057420,000009.SZ,1811753,2,0,8.48,600
2026-04-07 09:30:57.840,20260407,93057840,000009.SZ,1817247,1,0,8.62,600
2026-04-07 09:30:58.000,20260407,93058000,000009.SZ,1818942,2,0,8.8,10000
2026-04-07 09:30:58.020,20260407,93058020,000009.SZ,1819217,2,0,8.48,600
2026-04-07 09:30:58.070,20260407,93058070,000009.SZ,1819963,2,0,8.48,1200
2026-04-07 09:30:58.220,20260407,93058220,000009.SZ,1821690,2,0,8.48,100
2026-04-07 09:30:58.480,20260407,93058480,000009.SZ,1825209,2,0,8.48,600
2026-04-07 09:30:58.600,20260407,93058600,000009.SZ,1826672,2,0,8.51,1000
2026-04-07 09:30:58.780,20260407,93058780,000009.SZ,1828965,2,0,8.98,4000
2026-04-07 09:30:59.150,20260407,93059150,000009.SZ,1832548,2,0,8.62,2000
2026-04-07 09:30:59.200,20260407,93059200,000009.SZ,1832971,1,0,8.49,2900
2026-04-07 09:30:59.340,20260407,93059340,000009.SZ,1834453,2,0,8.5,5000
2026-04-07 09:30:59.420,20260407,93059420,000009.SZ,1835385,2,0,8.48,600
2026-04-07 09:30:59.550,20260407,93059550,000009.SZ,1836429,1,0,8.49,300
2026-04-07 09:30:59.560,20260407,93059560,000009.SZ,1836505,1,0,8.49,300
2026-04-07 09:30:59.560,20260407,93059560,000009.SZ,1836526,2,0,8.49,100
2026-04-07 09:30:59.580,20260407,93059580,000009.SZ,1836743,1,0,8.48,1000
2026-04-07 09:30:59.580,20260407,93059580,000009.SZ,1836751,2,0,8.49,1000
2026-04-07 09:30:59.590,20260407,93059590,000009.SZ,1836878,1,0,8.57,600
2026-04-07 09:30:59.710,20260407,93059710,000009.SZ,1838104,2,0,8.48,3000
2026-04-07 09:30:59.720,20260407,93059720,000009.SZ,1838183,1,0,8.48,2000
2026-04-07 09:30:59.720,20260407,93059720,000009.SZ,1838186,1,0,8.48,2400
2026-04-07 09:30:59.880,20260407,93059880,000009.SZ,1839638,1,0,8.51,300
2026-04-07 09:30:59.930,20260407,93059930,000009.SZ,1840432,2,0,8.48,600
2026-04-07 09:30:59.970,20260407,93059970,000009.SZ,1840783,2,0,8.48,1000
2026-04-07 09:30:59.970,20260407,93059970,000009.SZ,1840826,2,0,8.48,100
2026-04-07 09:31:00.000,20260407,93100000,000009.SZ,1841166,2,0,8.48,100
2026-04-07 09:31:00.010,20260407,93100010,000009.SZ,1841444,1,0,8.49,100
2026-04-07 09:31:00.050,20260407,93100050,000009.SZ,1842093,1,0,8.48,200
2026-04-07 09:31:00.080,20260407,93100080,000009.SZ,1842693,1,0,8.48,200
2026-04-07 09:31:00.110,20260407,93100110,000009.SZ,1843139,2,0,8.48,600
2026-04-07 09:31:00.260,20260407,93100260,000009.SZ,1845930,2,0,8.49,500
