timestamp,date,stamp,code,order_no,bs_flag,order_type,order_price,order_volume
2026-04-01 09:15:00.030,20260401,91500030,000009.SZ,1227,2,0,9.1,1000
2026-04-01 09:15:00.030,20260401,91500030,000009.SZ,1229,2,0,9.15,1800
2026-04-01 09:15:00.030,20260401,91500030,000009.SZ,1792,1,0,8.85,1300
2026-04-01 09:15:00.040,20260401,91500040,000009.SZ,2135,1,0,8.38,600
2026-04-01 09:15:00.040,20260401,91500040,000009.SZ,3574,2,0,9.1,300
2026-04-01 09:15:00.040,20260401,91500040,000009.SZ,3641,2,0,9.3,300
2026-04-01 09:15:00.040,20260401,91500040,000009.SZ,3642,2,0,9.6,300
2026-04-01 09:15:00.040,20260401,91500040,000009.SZ,4038,2,0,9.69,100
2026-04-01 09:15:00.040,20260401,91500040,000009.SZ,4772,2,0,9.69,1000
2026-04-01 09:15:00.050,20260401,91500050,000009.SZ,6678,1,0,8.6,500
2026-04-01 09:15:00.050,20260401,91500050,000009.SZ,6855,1,0,8.46,500
2026-04-01 09:15:00.050,20260401,91500050,000009.SZ,6856,1,0,8.43,500
2026-04-01 09:15:00.050,20260401,91500050,000009.SZ,7408,1,0,8.82,1000
2026-04-01 09:15:00.050,20260401,91500050,000009.SZ,8091,2,0,9.08,1000
2026-04-01 09:15:00.050,20260401,91500050,000009.SZ,8629,2,0,9.69,100
2026-04-01 09:15:00.050,20260401,91500050,000009.SZ,9504,1,0,8.86,100
2026-04-01 09:15:00.050,20260401,91500050,000009.SZ,9505,1,0,8.86,100
2026-04-01 09:15:00.050,20260401,91500050,000009.SZ,9509,1,0,8.86,100
2026-04-01 09:15:00.050,20260401,91500050,000009.SZ,9510,1,0,8.86,100
2026-04-01 09:15:00.050,20260401,91500050,000009.SZ,10097,1,0,8.73,300
2026-04-01 09:15:00.060,20260401,91500060,000009.SZ,11443,2,0,9.05,22200
2026-04-01 09:15:00.060,20260401,91500060,000009.SZ,11705,2,0,9.09,2000
2026-04-01 09:15:00.060,20260401,91500060,000009.SZ,11706,1,0,8.52,500
2026-04-01 09:15:00.060,20260401,91500060,000009.SZ,11718,2,0,9.69,500
2026-04-01 09:15:00.060,20260401,91500060,000009.SZ,11848,1,0,8.64,500
2026-04-01 09:15:00.060,20260401,91500060,000009.SZ,12122,2,0,9.07,200
2026-04-01 09:15:00.060,20260401,91500060,000009.SZ,12171,1,0,8.7,200
2026-04-01 09:15:00.060,20260401,91500060,000009.SZ,13577,2,0,9.69,100
2026-04-01 09:15:00.060,20260401,91500060,000009.SZ,13582,2,0,9.59,100
2026-04-01 09:15:00.060,20260401,91500060,000009.SZ,13646,2,0,9.48,100
2026-04-01 09:15:00.060,20260401,91500060,000009.SZ,14376,2,0,9.5,2000
2026-04-01 09:15:00.060,20260401,91500060,000009.SZ,15009,2,0,9.19,1000
2026-04-01 09:15:00.070,20260401,91500070,000009.SZ,16395,2,0,8.99,100
2026-04-01 09:15:00.070,20260401,91500070,000009.SZ,16804,2,0,9.67,400
2026-04-01 09:15:00.070,20260401,91500070,000009.SZ,17195,2,0,9.06,1200
2026-04-01 09:15:00.070,20260401,91500070,000009.SZ,17342,2,0,9.29,1500
2026-04-01 09:15:00.070,20260401,91500070,000009.SZ,17343,2,0,9.54,1500
2026-04-01 09:15:00.070,20260401,91500070,000009.SZ,17437,2,0,9.35,100
2026-04-01 09:15:00.070,20260401,91500070,000009.SZ,18549,2,0,9.01,1000
2026-04-01 09:15:00.070,20260401,91500070,000009.SZ,18746,2,0,9.17,6400
2026-04-01 09:15:00.070,20260401,91500070,000009.SZ,20128,2,0,9.69,100
2026-04-01 09:15:00.070,20260401,91500070,000009.SZ,20441,2,0,9.19,5300
2026-04-01 09:15:00.070,20260401,91500070,000009.SZ,20861,2,0,9.68,5000
2026-04-01 09:15:00.070,20260401,91500070,000009.SZ,21366,2,0,9.07,1000
2026-04-01 09:15:00.070,20260401,91500070,000009.SZ,21367,2,0,9.15,1000
2026-04-01 09:15:00.070,20260401,91500070,000009.SZ,21650,2,0,9.68,1500
2026-04-01 09:15:00.080,20260401,91500080,000009.SZ,22386,2,0,9.25,500
2026-04-01 09:15:00.080,20260401,91500080,000009.SZ,23063,2,0,8.95,1500
2026-04-01 09:15:00.080,20260401,91500080,000009.SZ,23092,2,0,9.51,1000
2026-04-01 09:15:00.080,20260401,91500080,000009.SZ,23136,2,0,9.1,3600
2026-04-01 09:15:00.080,20260401,91500080,000009.SZ,23952,2,0,9.42,2000
2026-04-01 09:15:00.080,20260401,91500080,000009.SZ,24009,1,0,8.45,4000
2026-04-01 09:15:00.080,20260401,91500080,000009.SZ,24132,2,0,9.69,200
2026-04-01 09:15:00.080,20260401,91500080,000009.SZ,24193,2,0,9.66,2100
2026-04-01 09:15:00.080,20260401,91500080,000009.SZ,24348,2,0,9.16,1100
2026-04-01 09:15:00.080,20260401,91500080,000009.SZ,25286,2,0,9.68,11000
2026-04-01 09:15:00.080,20260401,91500080,000009.SZ,25424,2,0,9.29,800
2026-04-01 09:15:00.090,20260401,91500090,000009.SZ,27749,1,0,8.3,100
2026-04-01 09:15:00.090,20260401,91500090,000009.SZ,27919,2,0,9.35,1000
2026-04-01 09:15:00.090,20260401,91500090,000009.SZ,29577,1,0,8.18,300
2026-04-01 09:15:00.090,20260401,91500090,000009.SZ,30113,2,0,9.68,5000
2026-04-01 09:15:00.090,20260401,91500090,000009.SZ,30462,2,0,9.2,2000
2026-04-01 09:15:00.090,20260401,91500090,000009.SZ,30463,2,0,9.4,4000
2026-04-01 09:15:00.090,20260401,91500090,000009.SZ,30500,1,0,7.93,3000
2026-04-01 09:15:00.100,20260401,91500100,000009.SZ,31379,2,0,9.68,100
2026-04-01 09:15:00.100,20260401,91500100,000009.SZ,31380,2,0,9.55,100
2026-04-01 09:15:00.100,20260401,91500100,000009.SZ,31388,2,0,9.55,400
2026-04-01 09:15:00.100,20260401,91500100,000009.SZ,32567,2,0,9.69,5000
2026-04-01 09:15:00.100,20260401,91500100,000009.SZ,32781,2,0,9.69,500
2026-04-01 09:15:00.100,20260401,91500100,000009.SZ,33390,2,0,9.69,1500
2026-04-01 09:15:00.110,20260401,91500110,000009.SZ,37128,2,0,9.5,1000
2026-04-01 09:15:00.110,20260401,91500110,000009.SZ,37925,2,0,9.59,20000
2026-04-01 09:15:00.110,20260401,91500110,000009.SZ,37932,2,0,9.69,35000
2026-04-01 09:15:00.110,20260401,91500110,000009.SZ,38023,1,0,8.41,4000
2026-04-01 09:15:00.110,20260401,91500110,000009.SZ,38028,2,0,9.69,4000
2026-04-01 09:15:00.110,20260401,91500110,000009.SZ,38030,2,0,9.38,10000
2026-04-01 09:15:00.110,20260401,91500110,000009.SZ,38032,2,0,9.38,10000
2026-04-01 09:15:00.110,20260401,91500110,000009.SZ,38058,2,0,9.69,10000
2026-04-01 09:15:00.110,20260401,91500110,000009.SZ,38310,2,0,9.69,10000
2026-04-01 09:15:00.110,20260401,91500110,000009.SZ,38424,1,0,8.73,1800
2026-04-01 09:15:00.120,20260401,91500120,000009.SZ,40145,2,0,9.69,200
2026-04-01 09:15:00.120,20260401,91500120,000009.SZ,40158,2,0,9.5,500
2026-04-01 09:15:00.120,20260401,91500120,000009.SZ,41992,2,0,9.69,600
2026-04-01 09:15:00.120,20260401,91500120,000009.SZ,42252,2,0,9.46,600
2026-04-01 09:15:00.120,20260401,91500120,000009.SZ,43114,2,0,9.57,2000
2026-04-01 09:15:00.120,20260401,91500120,000009.SZ,43225,2,0,9.45,800
2026-04-01 09:15:00.120,20260401,91500120,000009.SZ,43226,2,0,9.66,1000
2026-04-01 09:15:00.120,20260401,91500120,000009.SZ,43732,1,0,8.7,100
2026-04-01 09:15:00.120,20260401,91500120,000009.SZ,43752,2,0,9.59,1200
2026-04-01 09:15:00.120,20260401,91500120,000009.SZ,44022,2,0,9.69,400
2026-04-01 09:15:00.130,20260401,91500130,000009.SZ,45120,2,0,9.0,1100
2026-04-01 09:15:00.130,20260401,91500130,000009.SZ,45123,1,0,8.61,1200
2026-04-01 09:15:00.130,20260401,91500130,000009.SZ,45769,1,0,8.76,400
2026-04-01 09:15:00.130,20260401,91500130,000009.SZ,45843,1,0,8.76,400
2026-04-01 09:15:00.130,20260401,91500130,000009.SZ,46699,2,0,8.99,1000
2026-04-01 09:15:00.130,20260401,91500130,000009.SZ,47398,2,0,9.69,5000
2026-04-01 09:15:00.130,20260401,91500130,000009.SZ,48234,2,0,9.69,300
2026-04-01 09:15:00.130,20260401,91500130,000009.SZ,48521,1,0,8.7,100
2026-04-01 09:15:00.140,20260401,91500140,000009.SZ,49040,2,0,9.69,5000
2026-04-01 09:15:00.140,20260401,91500140,000009.SZ,49237,2,0,8.81,600
2026-04-01 09:15:00.140,20260401,91500140,000009.SZ,50702,1,0,8.6,1000
2026-04-01 09:15:00.140,20260401,91500140,000009.SZ,50703,1,0,8.42,1000
2026-04-01 09:15:00.140,20260401,91500140,000009.SZ,50716,2,0,9.69,100
2026-04-01 09:15:00.140,20260401,91500140,000009.SZ,51808,2,0,9.1,5000
2026-04-01 09:15:00.140,20260401,91500140,000009.SZ,51930,2,0,9.11,500
2026-04-01 09:15:00.140,20260401,91500140,000009.SZ,52628,2,0,9.0,2400
2026-04-01 09:15:00.150,20260401,91500150,000009.SZ,54437,1,0,8.5,1000
2026-04-01 09:15:00.150,20260401,91500150,000009.SZ,54569,2,0,9.2,6000
2026-04-01 09:15:00.150,20260401,91500150,000009.SZ,54570,2,0,9.31,6000
2026-04-01 09:15:00.150,20260401,91500150,000009.SZ,54980,2,0,8.99,200
2026-04-01 09:15:00.150,20260401,91500150,000009.SZ,54981,2,0,9.17,200
2026-04-01 09:15:00.150,20260401,91500150,000009.SZ,54982,2,0,9.34,200
2026-04-01 09:15:00.150,20260401,91500150,000009.SZ,54983,2,0,9.52,200
2026-04-01 09:15:00.150,20260401,91500150,000009.SZ,54984,2,0,9.69,200
2026-04-01 09:15:00.150,20260401,91500150,000009.SZ,55798,2,0,9.2,100
2026-04-01 09:15:00.150,20260401,91500150,000009.SZ,56484,1,0,8.41,5000
2026-04-01 09:15:00.150,20260401,91500150,000009.SZ,56554,1,0,8.41,3000
2026-04-01 09:15:00.160,20260401,91500160,000009.SZ,56826,1,0,8.82,300
2026-04-01 09:15:00.160,20260401,91500160,000009.SZ,57139,2,0,9.3,300
2026-04-01 09:15:00.160,20260401,91500160,000009.SZ,57356,2,0,9.55,600
2026-04-01 09:15:00.160,20260401,91500160,000009.SZ,59162,2,0,9.69,12500
2026-04-01 09:15:00.160,20260401,91500160,000009.SZ,59163,2,0,9.29,2500
2026-04-01 09:15:00.170,20260401,91500170,000009.SZ,61010,2,0,9.38,1600
2026-04-01 09:15:00.170,20260401,91500170,000009.SZ,61534,2,0,9.68,600
2026-04-01 09:15:00.170,20260401,91500170,000009.SZ,62568,2,0,8.96,500
2026-04-01 09:15:00.170,20260401,91500170,000009.SZ,62638,1,0,8.42,2500
2026-04-01 09:15:00.170,20260401,91500170,000009.SZ,62977,2,0,9.38,1800
2026-04-01 09:15:00.170,20260401,91500170,000009.SZ,63038,2,0,9.66,1800
2026-04-01 09:15:00.170,20260401,91500170,000009.SZ,63200,2,0,9.55,300
2026-04-01 09:15:00.170,20260401,91500170,000009.SZ,63212,2,0,8.99,500
2026-04-01 09:15:00.170,20260401,91500170,000009.SZ,63238,2,0,9.69,1000
2026-04-01 09:15:00.170,20260401,91500170,000009.SZ,63396,1,0,8.7,2000
2026-04-01 09:15:00.180,20260401,91500180,000009.SZ,65016,2,0,9.69,100
2026-04-01 09:15:00.180,20260401,91500180,000009.SZ,65058,2,0,9.31,20000
2026-04-01 09:15:00.180,20260401,91500180,000009.SZ,65077,1,0,8.81,1400
2026-04-01 09:15:00.180,20260401,91500180,000009.SZ,65081,1,0,8.08,700
2026-04-01 09:15:00.190,20260401,91500190,000009.SZ,67796,1,0,8.35,400
2026-04-01 09:15:00.190,20260401,91500190,000009.SZ,68566,2,0,9.22,4800
2026-04-01 09:15:00.190,20260401,91500190,000009.SZ,68567,2,0,9.33,5000
2026-04-01 09:15:00.190,20260401,91500190,000009.SZ,69131,1,0,8.0,600
2026-04-01 09:15:00.190,20260401,91500190,000009.SZ,69735,2,0,9.15,1100
2026-04-01 09:15:00.190,20260401,91500190,000009.SZ,70181,2,0,9.66,600
2026-04-01 09:15:00.200,20260401,91500200,000009.SZ,71090,1,0,8.81,500
2026-04-01 09:15:00.200,20260401,91500200,000009.SZ,72186,2,0,9.33,300
2026-04-01 09:15:00.200,20260401,91500200,000009.SZ,72565,2,0,9.33,1700
2026-04-01 09:15:00.200,20260401,91500200,000009.SZ,72566,2,0,9.46,1700
2026-04-01 09:15:00.200,20260401,91500200,000009.SZ,72567,2,0,9.58,1700
2026-04-01 09:15:00.200,20260401,91500200,000009.SZ,72568,2,0,9.69,1700
2026-04-01 09:15:00.200,20260401,91500200,000009.SZ,72654,2,0,9.49,300
2026-04-01 09:15:00.210,20260401,91500210,000009.SZ,74700,2,0,9.69,200
2026-04-01 09:15:00.210,20260401,91500210,000009.SZ,74993,1,0,8.82,200
2026-04-01 09:15:00.210,20260401,91500210,000009.SZ,75197,2,0,9.67,600
2026-04-01 09:15:00.220,20260401,91500220,000009.SZ,76677,1,0,8.6,100
2026-04-01 09:15:00.220,20260401,91500220,000009.SZ,76989,2,0,9.68,400
2026-04-01 09:15:00.220,20260401,91500220,000009.SZ,78141,1,0,8.71,100
2026-04-01 09:15:00.220,20260401,91500220,000009.SZ,78186,2,0,9.67,1000
2026-04-01 09:15:00.220,20260401,91500220,000009.SZ,78393,2,0,9.19,5000
2026-04-01 09:15:00.230,20260401,91500230,000009.SZ,79079,2,0,9.1,2000
2026-04-01 09:15:00.230,20260401,91500230,000009.SZ,79529,2,0,9.05,2000
2026-04-01 09:15:00.230,20260401,91500230,000009.SZ,80249,1,0,8.57,500
2026-04-01 09:15:00.230,20260401,91500230,000009.SZ,80251,1,0,7.98,5800
2026-04-01 09:15:00.230,20260401,91500230,000009.SZ,80585,1,0,8.82,3000
2026-04-01 09:15:00.240,20260401,91500240,000009.SZ,82190,2,0,9.66,1600
2026-04-01 09:15:00.240,20260401,91500240,000009.SZ,82384,2,0,9.45,100
2026-04-01 09:15:00.240,20260401,91500240,000009.SZ,82590,2,0,9.6,4400
2026-04-01 09:15:00.250,20260401,91500250,000009.SZ,84514,1,0,8.6,3700
2026-04-01 09:15:00.260,20260401,91500260,000009.SZ,85547,2,0,9.1,3000
2026-04-01 09:15:00.260,20260401,91500260,000009.SZ,85551,2,0,9.05,1000
2026-04-01 09:15:00.260,20260401,91500260,000009.SZ,85683,1,0,8.0,400
2026-04-01 09:15:00.260,20260401,91500260,000009.SZ,85717,1,0,8.82,200
2026-04-01 09:15:00.260,20260401,91500260,000009.SZ,85813,2,0,8.95,2500
2026-04-01 09:15:00.260,20260401,91500260,000009.SZ,86127,2,0,9.4,3000
2026-04-01 09:15:00.270,20260401,91500270,000009.SZ,87173,1,0,8.48,200
2026-04-01 09:15:00.280,20260401,91500280,000009.SZ,88646,1,0,8.44,100
2026-04-01 09:15:00.280,20260401,91500280,000009.SZ,88647,2,0,9.5,100
2026-04-01 09:15:00.280,20260401,91500280,000009.SZ,89072,1,0,8.57,500
2026-04-01 09:15:00.290,20260401,91500290,000009.SZ,90316,1,0,8.8,26400
2026-04-01 09:15:00.290,20260401,91500290,000009.SZ,90816,2,0,9.6,700
2026-04-01 09:15:00.290,20260401,91500290,000009.SZ,90850,2,0,9.14,2000
2026-04-01 09:15:00.290,20260401,91500290,000009.SZ,90851,2,0,9.68,2000
2026-04-01 09:15:00.290,20260401,91500290,000009.SZ,91384,1,0,8.6,200
2026-04-01 09:15:00.290,20260401,91500290,000009.SZ,91599,2,0,9.69,2000
2026-04-01 09:15:00.290,20260401,91500290,000009.SZ,91962,2,0,9.12,1000
2026-04-01 09:15:00.300,20260401,91500300,000009.SZ,92138,2,0,9.16,1500
2026-04-01 09:15:00.300,20260401,91500300,000009.SZ,92796,2,0,9.68,4000
2026-04-01 09:15:00.310,20260401,91500310,000009.SZ,93982,1,0,8.68,100
2026-04-01 09:15:00.310,20260401,91500310,000009.SZ,94907,2,0,9.2,2000
2026-04-01 09:15:00.320,20260401,91500320,000009.SZ,95527,1,0,8.78,100
2026-04-01 09:15:00.320,20260401,91500320,000009.SZ,95528,1,0,8.74,100
2026-04-01 09:15:00.320,20260401,91500320,000009.SZ,95530,1,0,8.7,100
2026-04-01 09:15:00.320,20260401,91500320,000009.SZ,95531,1,0,8.66,100
2026-04-01 09:15:00.320,20260401,91500320,000009.SZ,95826,1,0,8.48,300
2026-04-01 09:15:00.330,20260401,91500330,000009.SZ,96763,2,0,9.32,5800
2026-04-01 09:15:00.340,20260401,91500340,000009.SZ,97702,2,0,9.69,2000
2026-04-01 09:15:00.340,20260401,91500340,000009.SZ,98189,2,0,9.27,1500
2026-04-01 09:15:00.340,20260401,91500340,000009.SZ,98318,2,0,9.69,700
2026-04-01 09:15:00.350,20260401,91500350,000009.SZ,98880,1,0,8.61,8400
2026-04-01 09:15:00.350,20260401,91500350,000009.SZ,99026,1,0,8.5,100
2026-04-01 09:15:00.350,20260401,91500350,000009.SZ,99916,1,0,8.6,2000
2026-04-01 09:15:00.350,20260401,91500350,000009.SZ,100058,2,0,9.1,400
2026-04-01 09:15:00.350,20260401,91500350,000009.SZ,100159,1,0,8.81,300
2026-04-01 09:15:00.360,20260401,91500360,000009.SZ,100890,1,0,8.8,4300
2026-04-01 09:15:00.370,20260401,91500370,000009.SZ,101672,1,0,8.51,7000
2026-04-01 09:15:00.370,20260401,91500370,000009.SZ,101674,2,0,9.19,7000
2026-04-01 09:15:00.370,20260401,91500370,000009.SZ,102200,2,0,9.19,500
2026-04-01 09:15:00.370,20260401,91500370,000009.SZ,102446,2,0,9.0,300
2026-04-01 09:15:00.380,20260401,91500380,000009.SZ,102920,2,0,9.69,300
2026-04-01 09:15:00.380,20260401,91500380,000009.SZ,103152,1,0,8.71,300
2026-04-01 09:15:00.380,20260401,91500380,000009.SZ,103562,1,0,8.64,100
2026-04-01 09:15:00.380,20260401,91500380,000009.SZ,103621,2,0,9.14,2000
2026-04-01 09:15:00.380,20260401,91500380,000009.SZ,104017,2,0,8.92,3900
2026-04-01 09:15:00.390,20260401,91500390,000009.SZ,104343,2,0,8.98,1900
2026-04-01 09:15:00.390,20260401,91500390,000009.SZ,105032,2,0,9.45,100
2026-04-01 09:15:00.390,20260401,91500390,000009.SZ,105148,2,0,8.81,100
2026-04-01 09:15:00.390,20260401,91500390,000009.SZ,105205,1,0,8.2,100
2026-04-01 09:15:00.390,20260401,91500390,000009.SZ,105209,2,0,9.34,100
2026-04-01 09:15:00.390,20260401,91500390,000009.SZ,105288,2,0,9.69,400
2026-04-01 09:15:00.400,20260401,91500400,000009.SZ,106466,2,0,9.6,600
2026-04-01 09:15:00.400,20260401,91500400,000009.SZ,106864,2,0,9.58,500
2026-04-01 09:15:00.410,20260401,91500410,000009.SZ,107077,2,0,9.05,3000
2026-04-01 09:15:00.410,20260401,91500410,000009.SZ,107115,2,0,9.1,3200
2026-04-01 09:15:00.410,20260401,91500410,000009.SZ,107306,2,0,9.2,5000
2026-04-01 09:15:00.410,20260401,91500410,000009.SZ,108269,2,0,9.53,5900
2026-04-01 09:15:00.410,20260401,91500410,000009.SZ,108392,2,0,9.28,2400
2026-04-01 09:15:00.410,20260401,91500410,000009.SZ,108411,2,0,9.05,4300
2026-04-01 09:15:00.420,20260401,91500420,000009.SZ,109298,2,0,9.59,2900
2026-04-01 09:15:00.420,20260401,91500420,000009.SZ,109607,1,0,8.42,1000
2026-04-01 09:15:00.430,20260401,91500430,000009.SZ,109823,1,0,8.8,100
2026-04-01 09:15:00.430,20260401,91500430,000009.SZ,109824,1,0,8.74,100
2026-04-01 09:15:00.430,20260401,91500430,000009.SZ,109825,1,0,8.68,100
2026-04-01 09:15:00.430,20260401,91500430,000009.SZ,109826,1,0,8.62,100
2026-04-01 09:15:00.430,20260401,91500430,000009.SZ,110181,2,0,9.16,300
2026-04-01 09:15:00.430,20260401,91500430,000009.SZ,110248,1,0,8.77,100
2026-04-01 09:15:00.430,20260401,91500430,000009.SZ,110249,1,0,8.71,100
2026-04-01 09:15:00.430,20260401,91500430,000009.SZ,110250,1,0,8.65,100
2026-04-01 09:15:00.430,20260401,91500430,000009.SZ,110251,1,0,8.59,100
2026-04-01 09:15:00.440,20260401,91500440,000009.SZ,111108,1,0,8.5,1000
2026-04-01 09:15:00.440,20260401,91500440,000009.SZ,111640,2,0,9.69,1600
2026-04-01 09:15:00.440,20260401,91500440,000009.SZ,111995,1,0,8.82,600
2026-04-01 09:15:00.450,20260401,91500450,000009.SZ,112898,2,0,9.28,300
2026-04-01 09:15:00.450,20260401,91500450,000009.SZ,112926,2,0,9.69,2000
2026-04-01 09:15:00.450,20260401,91500450,000009.SZ,112927,2,0,9.58,1400
2026-04-01 09:15:00.460,20260401,91500460,000009.SZ,114063,2,0,9.6,3800
2026-04-01 09:15:00.470,20260401,91500470,000009.SZ,115253,1,0,8.79,300
2026-04-01 09:15:00.470,20260401,91500470,000009.SZ,115377,2,0,9.1,5000
2026-04-01 09:15:00.470,20260401,91500470,000009.SZ,115548,2,0,9.33,1100
2026-04-01 09:15:00.480,20260401,91500480,000009.SZ,116916,2,0,9.32,5000
2026-04-01 09:15:00.490,20260401,91500490,000009.SZ,117163,1,0,8.06,200
2026-04-01 09:15:00.490,20260401,91500490,000009.SZ,117187,1,0,8.82,300
2026-04-01 09:15:00.490,20260401,91500490,000009.SZ,117430,2,0,8.99,1400
2026-04-01 09:15:00.490,20260401,91500490,000009.SZ,117431,2,0,9.19,1300
2026-04-01 09:15:00.500,20260401,91500500,000009.SZ,118177,2,0,9.58,1000
2026-04-01 09:15:00.510,20260401,91500510,000009.SZ,119956,2,0,9.31,200
2026-04-01 09:15:00.510,20260401,91500510,000009.SZ,119957,1,0,8.15,200
2026-04-01 09:15:00.520,20260401,91500520,000009.SZ,120043,2,0,9.04,800
2026-04-01 09:15:00.540,20260401,91500540,000009.SZ,122804,2,0,9.55,240
2026-04-01 09:15:00.550,20260401,91500550,000009.SZ,123527,1,0,8.82,5000
2026-04-01 09:15:00.550,20260401,91500550,000009.SZ,123606,2,0,9.13,2100
2026-04-01 09:15:00.560,20260401,91500560,000009.SZ,124269,1,0,8.76,100
2026-04-01 09:15:00.560,20260401,91500560,000009.SZ,124407,2,0,9.25,300
2026-04-01 09:15:00.560,20260401,91500560,000009.SZ,124408,2,0,9.69,300
2026-04-01 09:15:00.560,20260401,91500560,000009.SZ,124409,1,0,8.6,300
2026-04-01 09:15:00.560,20260401,91500560,000009.SZ,124670,2,0,9.53,7500
2026-04-01 09:15:00.560,20260401,91500560,000009.SZ,124995,2,0,9.39,3300
2026-04-01 09:15:00.570,20260401,91500570,000009.SZ,125532,2,0,9.69,100
2026-04-01 09:15:00.570,20260401,91500570,000009.SZ,125533,2,0,9.47,100
2026-04-01 09:15:00.570,20260401,91500570,000009.SZ,125802,2,0,9.4,1000
2026-04-01 09:15:00.570,20260401,91500570,000009.SZ,125862,2,0,9.69,600
2026-04-01 09:15:00.590,20260401,91500590,000009.SZ,127104,2,0,9.05,1000
2026-04-01 09:15:00.620,20260401,91500620,000009.SZ,129562,2,0,9.69,2500
2026-04-01 09:15:00.620,20260401,91500620,000009.SZ,129575,1,0,8.8,100
2026-04-01 09:15:00.620,20260401,91500620,000009.SZ,129576,1,0,8.76,100
2026-04-01 09:15:00.620,20260401,91500620,000009.SZ,129577,1,0,8.72,100
2026-04-01 09:15:00.620,20260401,91500620,000009.SZ,129578,1,0,8.68,100
2026-04-01 09:15:00.620,20260401,91500620,000009.SZ,129579,1,0,8.64,100
2026-04-01 09:15:00.630,20260401,91500630,000009.SZ,130588,2,0,9.69,2500
2026-04-01 09:15:00.630,20260401,91500630,000009.SZ,130635,2,0,9.69,20500
2026-04-01 09:15:00.630,20260401,91500630,000009.SZ,130722,2,0,9.39,3500
2026-04-01 09:15:00.630,20260401,91500630,000009.SZ,130768,2,0,9.68,2600
2026-04-01 09:15:00.640,20260401,91500640,000009.SZ,131118,2,0,9.33,100000
2026-04-01 09:15:00.640,20260401,91500640,000009.SZ,131218,1,0,8.53,5000
2026-04-01 09:15:00.650,20260401,91500650,000009.SZ,132034,2,0,9.26,1000
2026-04-01 09:15:00.650,20260401,91500650,000009.SZ,132333,2,0,9.69,600
2026-04-01 09:15:00.650,20260401,91500650,000009.SZ,132413,2,0,9.03,1200
2026-04-01 09:15:00.650,20260401,91500650,000009.SZ,132514,2,0,9.08,5000
2026-04-01 09:15:00.650,20260401,91500650,000009.SZ,132528,2,0,9.18,1000
2026-04-01 09:15:00.650,20260401,91500650,000009.SZ,132531,2,0,9.28,5000
2026-04-01 09:15:00.650,20260401,91500650,000009.SZ,132545,2,0,9.18,4000
2026-04-01 09:15:00.650,20260401,91500650,000009.SZ,132546,2,0,9.38,5000
2026-04-01 09:15:00.650,20260401,91500650,000009.SZ,132548,2,0,9.48,5000
2026-04-01 09:15:00.650,20260401,91500650,000009.SZ,132550,2,0,9.58,10000
2026-04-01 09:15:00.650,20260401,91500650,000009.SZ,132552,2,0,9.68,10000
2026-04-01 09:15:00.660,20260401,91500660,000009.SZ,132929,2,0,9.6,6400
2026-04-01 09:15:00.670,20260401,91500670,000009.SZ,133865,2,0,9.33,4000
2026-04-01 09:15:00.670,20260401,91500670,000009.SZ,133870,1,0,8.43,2000
2026-04-01 09:15:00.680,20260401,91500680,000009.SZ,135428,2,0,9.49,1000
2026-04-01 09:15:00.680,20260401,91500680,000009.SZ,135429,2,0,9.69,1000
2026-04-01 09:15:00.680,20260401,91500680,000009.SZ,135576,1,0,7.99,2000
2026-04-01 09:15:00.690,20260401,91500690,000009.SZ,136003,1,0,8.74,3400
2026-04-01 09:15:00.700,20260401,91500700,000009.SZ,136588,1,0,8.71,10000
2026-04-01 09:15:00.700,20260401,91500700,000009.SZ,136589,1,0,8.61,10000
2026-04-01 09:15:00.700,20260401,91500700,000009.SZ,136891,1,0,8.85,500
2026-04-01 09:15:00.700,20260401,91500700,000009.SZ,137020,2,0,9.69,1000
2026-04-01 09:15:00.700,20260401,91500700,000009.SZ,137021,2,0,9.21,1000
2026-04-01 09:15:00.710,20260401,91500710,000009.SZ,138005,2,0,9.67,106
2026-04-01 09:15:00.710,20260401,91500710,000009.SZ,138008,1,0,8.21,100
2026-04-01 09:15:00.720,20260401,91500720,000009.SZ,138626,1,0,8.85,500
2026-04-01 09:15:00.720,20260401,91500720,000009.SZ,139033,2,0,9.68,500
2026-04-01 09:15:00.730,20260401,91500730,000009.SZ,139425,2,0,9.66,6000
2026-04-01 09:15:00.740,20260401,91500740,000009.SZ,139850,2,0,8.95,200
2026-04-01 09:15:00.740,20260401,91500740,000009.SZ,140179,1,0,8.6,20000
2026-04-01 09:15:00.760,20260401,91500760,000009.SZ,141792,1,0,8.19,700
2026-04-01 09:15:00.780,20260401,91500780,000009.SZ,142605,1,0,7.93,1000
2026-04-01 09:15:00.790,20260401,91500790,000009.SZ,143387,2,0,9.68,300
2026-04-01 09:15:00.800,20260401,91500800,000009.SZ,143897,2,0,9.33,5500
2026-04-01 09:15:00.800,20260401,91500800,000009.SZ,144234,1,0,8.13,100
2026-04-01 09:15:00.810,20260401,91500810,000009.SZ,144320,1,0,8.3,100
2026-04-01 09:15:00.810,20260401,91500810,000009.SZ,144639,2,0,9.25,100
2026-04-01 09:15:00.810,20260401,91500810,000009.SZ,144679,2,0,9.5,100
2026-04-01 09:15:00.810,20260401,91500810,000009.SZ,144787,1,0,8.4,100
2026-04-01 09:15:00.810,20260401,91500810,000009.SZ,144825,2,0,8.98,1000
2026-04-01 09:15:00.810,20260401,91500810,000009.SZ,144866,2,0,9.69,1100
2026-04-01 09:15:00.810,20260401,91500810,000009.SZ,144867,2,0,9.68,1100
2026-04-01 09:15:00.810,20260401,91500810,000009.SZ,144868,2,0,9.65,1100
2026-04-01 09:15:00.810,20260401,91500810,000009.SZ,144869,2,0,9.6,1100
2026-04-01 09:15:00.810,20260401,91500810,000009.SZ,144870,2,0,9.55,1100
2026-04-01 09:15:00.810,20260401,91500810,000009.SZ,144871,2,0,9.5,1100
2026-04-01 09:15:00.810,20260401,91500810,000009.SZ,144962,2,0,9.4,100
2026-04-01 09:15:00.820,20260401,91500820,000009.SZ,145044,1,0,8.6,1300
2026-04-01 09:15:00.820,20260401,91500820,000009.SZ,145048,1,0,8.51,1100
2026-04-01 09:15:00.820,20260401,91500820,000009.SZ,145140,1,0,8.61,1000
2026-04-01 09:15:00.820,20260401,91500820,000009.SZ,145288,1,0,8.7,1000
2026-04-01 09:15:00.830,20260401,91500830,000009.SZ,145969,2,0,9.69,5000
2026-04-01 09:15:00.830,20260401,91500830,000009.SZ,146078,2,0,9.63,300
2026-04-01 09:15:00.830,20260401,91500830,000009.SZ,146351,1,0,8.6,1000
2026-04-01 09:15:00.840,20260401,91500840,000009.SZ,146908,2,0,9.36,800
2026-04-01 09:15:00.860,20260401,91500860,000009.SZ,148071,2,0,9.58,1000
2026-04-01 09:15:00.860,20260401,91500860,000009.SZ,148211,2,0,9.0,3200
2026-04-01 09:15:00.870,20260401,91500870,000009.SZ,148663,2,0,9.3,4500
2026-04-01 09:15:00.870,20260401,91500870,000009.SZ,148664,2,0,9.66,4100
2026-04-01 09:15:00.870,20260401,91500870,000009.SZ,149098,2,0,9.58,2100
2026-04-01 09:15:00.900,20260401,91500900,000009.SZ,151026,1,0,8.48,500
2026-04-01 09:15:00.900,20260401,91500900,000009.SZ,151027,2,0,9.29,500
2026-04-01 09:15:00.920,20260401,91500920,000009.SZ,152088,1,0,8.54,100
2026-04-01 09:15:00.920,20260401,91500920,000009.SZ,152497,2,0,9.05,900
2026-04-01 09:15:00.930,20260401,91500930,000009.SZ,153307,2,0,9.02,1100
2026-04-01 09:15:00.940,20260401,91500940,000009.SZ,153883,2,0,9.67,200
2026-04-01 09:15:00.940,20260401,91500940,000009.SZ,154255,1,0,8.7,3900
2026-04-01 09:15:00.950,20260401,91500950,000009.SZ,154588,2,0,9.3,1000
2026-04-01 09:15:00.950,20260401,91500950,000009.SZ,154589,2,0,9.58,1000
2026-04-01 09:15:00.950,20260401,91500950,000009.SZ,154590,1,0,8.4,1000
2026-04-01 09:15:00.960,20260401,91500960,000009.SZ,155281,1,0,7.93,500
2026-04-01 09:15:00.980,20260401,91500980,000009.SZ,156487,2,0,8.94,2500
2026-04-01 09:15:00.980,20260401,91500980,000009.SZ,156810,1,0,8.2,100
2026-04-01 09:15:01.000,20260401,91501000,000009.SZ,157916,2,0,8.81,100
2026-04-01 09:15:01.000,20260401,91501000,000009.SZ,158094,1,0,8.45,600
2026-04-01 09:15:01.000,20260401,91501000,000009.SZ,158143,2,0,9.53,200
2026-04-01 09:15:01.000,20260401,91501000,000009.SZ,158152,1,0,8.23,400
2026-04-01 09:15:01.000,20260401,91501000,000009.SZ,158153,1,0,8.03,600
2026-04-01 09:15:01.000,20260401,91501000,000009.SZ,158195,1,0,8.52,1000
2026-04-01 09:15:01.000,20260401,91501000,000009.SZ,158198,1,0,8.45,1000
2026-04-01 09:15:01.010,20260401,91501010,000009.SZ,158349,2,0,9.3,1500
2026-04-01 09:15:01.010,20260401,91501010,000009.SZ,158557,1,0,8.75,700
2026-04-01 09:15:01.020,20260401,91501020,000009.SZ,159661,1,0,8.15,800
2026-04-01 09:15:01.060,20260401,91501060,000009.SZ,161670,1,0,8.84,800
2026-04-01 09:15:01.060,20260401,91501060,000009.SZ,161782,2,0,9.05,1000
2026-04-01 09:15:01.060,20260401,91501060,000009.SZ,162033,1,0,8.64,4700
2026-04-01 09:15:01.060,20260401,91501060,000009.SZ,162045,2,0,9.15,2000
2026-04-01 09:15:01.060,20260401,91501060,000009.SZ,162252,2,0,9.69,600
2026-04-01 09:15:01.090,20260401,91501090,000009.SZ,163267,1,0,8.82,1800
2026-04-01 09:15:01.090,20260401,91501090,000009.SZ,163345,1,0,8.4,2000
2026-04-01 09:15:01.090,20260401,91501090,000009.SZ,163426,2,0,9.69,200
2026-04-01 09:15:01.090,20260401,91501090,000009.SZ,163427,2,0,9.47,300
2026-04-01 09:15:01.090,20260401,91501090,000009.SZ,163428,2,0,9.35,300
2026-04-01 09:15:01.090,20260401,91501090,000009.SZ,163760,1,0,8.81,5000
2026-04-01 09:15:01.130,20260401,91501130,000009.SZ,165428,2,0,9.05,500
2026-04-01 09:15:01.160,20260401,91501160,000009.SZ,166419,2,0,9.69,3000
2026-04-01 09:15:01.160,20260401,91501160,000009.SZ,166481,1,0,8.72,100
2026-04-01 09:15:01.160,20260401,91501160,000009.SZ,166593,1,0,8.08,3000
2026-04-01 09:15:01.170,20260401,91501170,000009.SZ,167418,2,0,9.39,1000
2026-04-01 09:15:01.180,20260401,91501180,000009.SZ,167591,2,0,9.6,700
2026-04-01 09:15:01.180,20260401,91501180,000009.SZ,167778,1,0,8.51,200
2026-04-01 09:15:01.190,20260401,91501190,000009.SZ,168299,2,0,9.05,9500
2026-04-01 09:15:01.190,20260401,91501190,000009.SZ,168400,2,0,9.0,200
2026-04-01 09:15:01.260,20260401,91501260,000009.SZ,170788,2,0,9.02,1000
2026-04-01 09:15:01.270,20260401,91501270,000009.SZ,170961,1,0,8.31,1000
2026-04-01 09:15:01.280,20260401,91501280,000009.SZ,171264,2,0,9.69,200
2026-04-01 09:15:01.280,20260401,91501280,000009.SZ,171413,2,0,8.99,3000
2026-04-01 09:15:01.300,20260401,91501300,000009.SZ,172015,2,0,9.17,5300
2026-04-01 09:15:01.320,20260401,91501320,000009.SZ,172690,1,0,8.8,500
2026-04-01 09:15:01.340,20260401,91501340,000009.SZ,173624,2,0,9.69,48000
2026-04-01 09:15:01.370,20260401,91501370,000009.SZ,175074,1,0,8.75,100
2026-04-01 09:15:01.370,20260401,91501370,000009.SZ,175076,2,0,9.25,100
2026-04-01 09:15:01.370,20260401,91501370,000009.SZ,175077,2,0,9.5,100
2026-04-01 09:15:01.370,20260401,91501370,000009.SZ,175274,2,0,9.25,246500
2026-04-01 09:15:01.370,20260401,91501370,000009.SZ,175306,2,0,9.69,100
2026-04-01 09:15:01.380,20260401,91501380,000009.SZ,175602,1,0,8.6,15000
2026-04-01 09:15:01.380,20260401,91501380,000009.SZ,175975,2,0,9.05,500
2026-04-01 09:15:01.390,20260401,91501390,000009.SZ,176137,1,0,8.78,40000
2026-04-01 09:15:01.400,20260401,91501400,000009.SZ,177554,2,0,8.94,1000
2026-04-01 09:15:01.420,20260401,91501420,000009.SZ,178462,2,0,9.15,3000
2026-04-01 09:15:01.420,20260401,91501420,000009.SZ,178463,1,0,8.54,300
2026-04-01 09:15:01.420,20260401,91501420,000009.SZ,178464,2,0,9.42,300
2026-04-01 09:15:01.420,20260401,91501420,000009.SZ,178897,1,0,8.48,600
2026-04-01 09:15:01.420,20260401,91501420,000009.SZ,178919,2,0,9.49,2100
2026-04-01 09:15:01.430,20260401,91501430,000009.SZ,179475,2,0,9.05,300
2026-04-01 09:15:01.450,20260401,91501450,000009.SZ,180868,2,0,9.19,1000
2026-04-01 09:15:01.470,20260401,91501470,000009.SZ,182570,1,0,8.5,3000
2026-04-01 09:15:01.470,20260401,91501470,000009.SZ,182760,1,0,8.72,6000
2026-04-01 09:15:01.470,20260401,91501470,000009.SZ,182762,1,0,8.62,1400
2026-04-01 09:15:01.470,20260401,91501470,000009.SZ,182765,1,0,8.62,4600
2026-04-01 09:15:01.500,20260401,91501500,000009.SZ,184219,2,0,8.9,1100
2026-04-01 09:15:01.510,20260401,91501510,000009.SZ,184674,2,0,9.06,500
2026-04-01 09:15:01.510,20260401,91501510,000009.SZ,184694,2,0,9.69,1000
2026-04-01 09:15:01.530,20260401,91501530,000009.SZ,185883,2,0,9.69,210800
2026-04-01 09:15:01.560,20260401,91501560,000009.SZ,187110,1,0,8.19,200
2026-04-01 09:15:01.580,20260401,91501580,000009.SZ,187925,2,0,9.4,500
2026-04-01 09:15:01.600,20260401,91501600,000009.SZ,188616,2,0,9.2,3000
2026-04-01 09:15:01.660,20260401,91501660,000009.SZ,191564,2,0,9.46,4000
2026-04-01 09:15:01.660,20260401,91501660,000009.SZ,191592,2,0,9.21,100
2026-04-01 09:15:01.680,20260401,91501680,000009.SZ,192514,2,0,9.26,2000
2026-04-01 09:15:01.760,20260401,91501760,000009.SZ,195773,2,0,8.81,1000
2026-04-01 09:15:01.760,20260401,91501760,000009.SZ,195850,2,0,9.37,7000
2026-04-01 09:15:01.770,20260401,91501770,000009.SZ,196324,1,0,8.4,1000
2026-04-01 09:15:01.780,20260401,91501780,000009.SZ,196708,1,0,8.56,700
2026-04-01 09:15:01.820,20260401,91501820,000009.SZ,198139,2,0,9.69,200
2026-04-01 09:15:01.870,20260401,91501870,000009.SZ,199829,1,0,8.75,100
2026-04-01 09:15:01.870,20260401,91501870,000009.SZ,200031,2,0,8.96,200
2026-04-01 09:15:01.870,20260401,91501870,000009.SZ,200038,2,0,9.02,200
2026-04-01 09:15:01.880,20260401,91501880,000009.SZ,200135,2,0,9.13,1000
2026-04-01 09:15:01.920,20260401,91501920,000009.SZ,201965,2,0,9.61,100
2026-04-01 09:15:01.920,20260401,91501920,000009.SZ,201966,1,0,8.41,100
2026-04-01 09:15:01.940,20260401,91501940,000009.SZ,202782,2,0,9.37,600
2026-04-01 09:15:01.950,20260401,91501950,000009.SZ,202958,2,0,9.31,9000
2026-04-01 09:15:01.950,20260401,91501950,000009.SZ,202975,2,0,9.31,9000
2026-04-01 09:15:01.980,20260401,91501980,000009.SZ,203902,2,0,9.69,100
2026-04-01 09:15:01.990,20260401,91501990,000009.SZ,204187,2,0,9.31,10700
2026-04-01 09:15:02.000,20260401,91502000,000009.SZ,204578,1,0,8.64,1200
2026-04-01 09:15:02.000,20260401,91502000,000009.SZ,204580,2,0,8.98,4400
2026-04-01 09:15:02.020,20260401,91502020,000009.SZ,205282,1,0,8.79,1200
2026-04-01 09:15:02.050,20260401,91502050,000009.SZ,206291,1,0,8.01,100
2026-04-01 09:15:02.080,20260401,91502080,000009.SZ,207085,2,0,9.31,8000
2026-04-01 09:15:02.100,20260401,91502100,000009.SZ,207773,1,0,8.6,2000
2026-04-01 09:15:02.100,20260401,91502100,000009.SZ,207776,1,0,8.5,1200
2026-04-01 09:15:02.110,20260401,91502110,000009.SZ,207932,2,0,9.69,2000
2026-04-01 09:15:02.110,20260401,91502110,000009.SZ,207933,2,0,9.69,1000
2026-04-01 09:15:02.120,20260401,91502120,000009.SZ,208097,2,0,8.99,600
2026-04-01 09:15:02.130,20260401,91502130,000009.SZ,208582,2,0,9.69,5000
2026-04-01 09:15:02.140,20260401,91502140,000009.SZ,208690,2,0,9.59,1300
2026-04-01 09:15:02.220,20260401,91502220,000009.SZ,210561,2,0,9.5,5000
2026-04-01 09:15:02.260,20260401,91502260,000009.SZ,211391,1,0,8.61,10000
2026-04-01 09:15:02.260,20260401,91502260,000009.SZ,211403,1,0,8.41,10000
2026-04-01 09:15:02.280,20260401,91502280,000009.SZ,212156,1,0,8.5,400
2026-04-01 09:15:02.280,20260401,91502280,000009.SZ,212171,2,0,9.25,400
2026-04-01 09:15:02.300,20260401,91502300,000009.SZ,212507,1,0,8.58,300
2026-04-01 09:15:02.300,20260401,91502300,000009.SZ,212508,1,0,8.58,300
2026-04-01 09:15:02.300,20260401,91502300,000009.SZ,212510,1,0,8.48,300
2026-04-01 09:15:02.300,20260401,91502300,000009.SZ,212606,1,0,8.76,4000
2026-04-01 09:15:02.300,20260401,91502300,000009.SZ,212626,1,0,8.66,300
2026-04-01 09:15:02.300,20260401,91502300,000009.SZ,212718,2,0,9.05,100
2026-04-01 09:15:02.300,20260401,91502300,000009.SZ,212722,1,0,8.6,100
2026-04-01 09:15:02.330,20260401,91502330,000009.SZ,213384,2,0,9.69,1500
2026-04-01 09:15:02.330,20260401,91502330,000009.SZ,213541,2,0,9.69,300
2026-04-01 09:15:02.380,20260401,91502380,000009.SZ,214874,2,0,8.99,1400
2026-04-01 09:15:02.380,20260401,91502380,000009.SZ,215275,1,0,8.01,200
2026-04-01 09:15:02.440,20260401,91502440,000009.SZ,218665,2,0,9.69,4900
2026-04-01 09:15:02.450,20260401,91502450,000009.SZ,219077,2,0,9.69,4400
2026-04-01 09:15:02.460,20260401,91502460,000009.SZ,219417,1,0,8.4,600
2026-04-01 09:15:02.480,20260401,91502480,000009.SZ,220218,2,0,8.81,100
2026-04-01 09:15:02.490,20260401,91502490,000009.SZ,220318,2,0,9.15,500
2026-04-01 09:15:02.570,20260401,91502570,000009.SZ,222218,1,0,8.44,100
2026-04-01 09:15:02.570,20260401,91502570,000009.SZ,222219,2,0,9.66,200
2026-04-01 09:15:02.580,20260401,91502580,000009.SZ,222431,2,0,9.08,600
2026-04-01 09:15:02.660,20260401,91502660,000009.SZ,224261,2,0,9.68,7800
2026-04-01 09:15:02.670,20260401,91502670,000009.SZ,224379,2,0,8.99,1200
2026-04-01 09:15:02.670,20260401,91502670,000009.SZ,224446,2,0,8.91,1200
2026-04-01 09:15:02.710,20260401,91502710,000009.SZ,224953,2,0,9.12,300
2026-04-01 09:15:02.710,20260401,91502710,000009.SZ,225019,2,0,9.68,600
2026-04-01 09:15:02.710,20260401,91502710,000009.SZ,225173,2,0,9.69,2200
2026-04-01 09:15:02.720,20260401,91502720,000009.SZ,225556,1,0,8.77,100
2026-04-01 09:15:02.730,20260401,91502730,000009.SZ,225730,2,0,9.08,500
2026-04-01 09:15:02.730,20260401,91502730,000009.SZ,225732,2,0,9.33,600
2026-04-01 09:15:02.730,20260401,91502730,000009.SZ,225746,2,0,9.66,800
2026-04-01 09:15:02.730,20260401,91502730,000009.SZ,225754,1,0,8.6,400
2026-04-01 09:15:02.730,20260401,91502730,000009.SZ,225763,2,0,9.39,4500
2026-04-01 09:15:02.800,20260401,91502800,000009.SZ,226905,2,0,9.35,500
2026-04-01 09:15:02.840,20260401,91502840,000009.SZ,227269,2,0,9.69,200
2026-04-01 09:15:03.020,20260401,91503020,000009.SZ,229863,2,0,9.69,400
2026-04-01 09:15:03.040,20260401,91503040,000009.SZ,230046,1,0,8.6,1000
2026-04-01 09:15:03.050,20260401,91503050,000009.SZ,230294,1,0,8.68,2000
2026-04-01 09:15:03.080,20260401,91503080,000009.SZ,230585,2,0,9.26,500
2026-04-01 09:15:03.180,20260401,91503180,000009.SZ,231415,2,0,9.04,200
2026-04-01 09:15:03.210,20260401,91503210,000009.SZ,231741,1,0,8.71,10000
2026-04-01 09:15:03.210,20260401,91503210,000009.SZ,231744,1,0,8.51,10000
2026-04-01 09:15:03.250,20260401,91503250,000009.SZ,232207,1,0,8.53,5800
2026-04-01 09:15:03.290,20260401,91503290,000009.SZ,232848,1,0,8.48,400
2026-04-01 09:15:03.370,20260401,91503370,000009.SZ,233666,1,0,8.75,500
2026-04-01 09:15:03.410,20260401,91503410,000009.SZ,234652,1,0,8.5,1200
2026-04-01 09:15:03.410,20260401,91503410,000009.SZ,234654,1,0,8.68,600
2026-04-01 09:15:03.410,20260401,91503410,000009.SZ,234659,2,0,9.55,1100
2026-04-01 09:15:03.440,20260401,91503440,000009.SZ,235736,2,0,8.97,700
2026-04-01 09:15:03.450,20260401,91503450,000009.SZ,235892,2,0,8.88,5700
2026-04-01 09:15:03.450,20260401,91503450,000009.SZ,236032,1,0,8.4,1200
2026-04-01 09:15:03.480,20260401,91503480,000009.SZ,236575,1,0,8.08,200
2026-04-01 09:15:03.490,20260401,91503490,000009.SZ,236780,2,0,9.29,1400
2026-04-01 09:15:03.490,20260401,91503490,000009.SZ,236803,2,0,9.29,2200
2026-04-01 09:15:03.500,20260401,91503500,000009.SZ,236852,1,0,8.81,1000
2026-04-01 09:15:03.520,20260401,91503520,000009.SZ,237058,1,0,8.58,1500
2026-04-01 09:15:03.690,20260401,91503690,000009.SZ,239129,2,0,9.69,2000
2026-04-01 09:15:03.750,20260401,91503750,000009.SZ,240045,2,0,9.17,2500
2026-04-01 09:15:03.820,20260401,91503820,000009.SZ,240481,2,0,9.12,1000
2026-04-01 09:15:03.820,20260401,91503820,000009.SZ,240483,2,0,9.18,2000
2026-04-01 09:15:03.820,20260401,91503820,000009.SZ,240484,2,0,9.22,2000
2026-04-01 09:15:03.820,20260401,91503820,000009.SZ,240486,2,0,9.05,1200
2026-04-01 09:15:03.950,20260401,91503950,000009.SZ,241187,2,0,9.58,500
2026-04-01 09:15:03.980,20260401,91503980,000009.SZ,241538,1,0,8.0,100
2026-04-01 09:15:04.100,20260401,91504100,000009.SZ,242398,2,0,9.69,2600
2026-04-01 09:15:04.110,20260401,91504110,000009.SZ,242445,2,0,9.08,200
2026-04-01 09:15:04.160,20260401,91504160,000009.SZ,242714,2,0,9.69,1000
2026-04-01 09:15:04.200,20260401,91504200,000009.SZ,242864,2,0,9.69,1600
2026-04-01 09:15:04.260,20260401,91504260,000009.SZ,243318,1,0,8.52,500
2026-04-01 09:15:04.270,20260401,91504270,000009.SZ,243323,2,0,9.05,1000
2026-04-01 09:15:04.270,20260401,91504270,000009.SZ,243343,1,0,8.52,1200
2026-04-01 09:15:04.270,20260401,91504270,000009.SZ,243344,1,0,8.15,1800
2026-04-01 09:15:04.370,20260401,91504370,000009.SZ,244116,1,0,7.93,3000
2026-04-01 09:15:04.420,20260401,91504420,000009.SZ,245231,1,0,8.4,2000
2026-04-01 09:15:04.460,20260401,91504460,000009.SZ,245860,1,0,8.75,1000
2026-04-01 09:15:04.460,20260401,91504460,000009.SZ,245863,2,0,9.25,1000
2026-04-01 09:15:04.520,20260401,91504520,000009.SZ,246296,1,0,8.68,1500
2026-04-01 09:15:04.560,20260401,91504560,000009.SZ,246498,2,0,9.19,100
2026-04-01 09:15:04.620,20260401,91504620,000009.SZ,246859,2,0,9.69,500
2026-04-01 09:15:04.650,20260401,91504650,000009.SZ,247145,1,0,8.41,1100
2026-04-01 09:15:04.740,20260401,91504740,000009.SZ,247682,1,0,8.73,1000
2026-04-01 09:15:04.750,20260401,91504750,000009.SZ,247754,1,0,8.81,700
2026-04-01 09:15:04.750,20260401,91504750,000009.SZ,247791,1,0,8.76,800
2026-04-01 09:15:05.010,20260401,91505010,000009.SZ,248381,2,0,8.75,200
2026-04-01 09:15:05.210,20260401,91505210,000009.SZ,248859,2,0,8.81,100
2026-04-01 09:15:05.550,20260401,91505550,000009.SZ,250430,1,0,8.0,25000
2026-04-01 09:15:05.590,20260401,91505590,000009.SZ,250763,2,0,9.69,1500
2026-04-01 09:15:05.720,20260401,91505720,000009.SZ,251108,2,0,9.69,3500
2026-04-01 09:15:05.770,20260401,91505770,000009.SZ,251437,1,0,8.6,7000
2026-04-01 09:15:06.790,20260401,91506790,000009.SZ,252775,1,0,8.31,1200
2026-04-01 09:15:08.510,20260401,91508510,000009.SZ,253694,1,0,8.02,1000
2026-04-01 09:15:11.720,20260401,91511720,000009.SZ,254533,1,0,8.54,30000
2026-04-01 09:15:12.250,20260401,91512250,000009.SZ,254653,1,0,8.76,200
2026-04-01 09:15:12.430,20260401,91512430,000009.SZ,254693,2,0,8.9,200
2026-04-01 09:15:21.880,20260401,91521880,000009.SZ,256535,1,0,8.85,5000
2026-04-01 09:15:22.860,20260401,91522860,000009.SZ,256701,2,0,9.03,2500
2026-04-01 09:15:28.160,20260401,91528160,000009.SZ,257905,2,0,9.03,100
2026-04-01 09:15:34.810,20260401,91534810,000009.SZ,259333,1,0,8.7,23200
2026-04-01 09:15:36.280,20260401,91536280,000009.SZ,259669,2,0,9.3,100
2026-04-01 09:15:36.280,20260401,91536280,000009.SZ,259670,1,0,8.5,100
2026-04-01 09:15:39.830,20260401,91539830,000009.SZ,260514,1,0,8.8,1000
2026-04-01 09:15:40.200,20260401,91540200,000009.SZ,260607,1,0,8.41,1000
2026-04-01 09:15:46.160,20260401,91546160,000009.SZ,262082,1,0,8.8,200
2026-04-01 09:15:46.160,20260401,91546160,000009.SZ,262085,2,0,9.09,200
2026-04-01 09:15:49.620,20260401,91549620,000009.SZ,263028,1,0,8.8,1000
2026-04-01 09:15:49.620,20260401,91549620,000009.SZ,263029,2,0,9.27,1000
2026-04-01 09:15:50.250,20260401,91550250,000009.SZ,263209,1,0,8.68,300
2026-04-01 09:15:54.990,20260401,91554990,000009.SZ,264511,1,0,8.9,30000
2026-04-01 09:15:57.070,20260401,91557070,000009.SZ,265129,2,0,9.31,100
2026-04-01 09:15:57.070,20260401,91557070,000009.SZ,265130,1,0,8.04,100
2026-04-01 09:16:02.590,20260401,91602590,000009.SZ,266754,2,0,9.68,1000
2026-04-01 09:16:06.180,20260401,91606180,000009.SZ,267822,2,0,8.88,100
2026-04-01 09:16:12.210,20260401,91612210,000009.SZ,269494,2,0,8.92,100
2026-04-01 09:16:18.270,20260401,91618270,000009.SZ,271288,2,0,8.96,100
2026-04-01 09:16:22.390,20260401,91622390,000009.SZ,272422,1,0,8.8,1000
2026-04-01 09:16:24.380,20260401,91624380,000009.SZ,272972,2,0,9.0,100
2026-04-01 09:16:24.540,20260401,91624540,000009.SZ,273031,1,0,8.7,20700
2026-04-01 09:16:25.610,20260401,91625610,000009.SZ,273352,1,0,8.45,1500
2026-04-01 09:16:26.860,20260401,91626860,000009.SZ,273701,2,0,9.69,3000
2026-04-01 09:16:28.170,20260401,91628170,000009.SZ,274085,2,0,9.69,1000
2026-04-01 09:16:28.620,20260401,91628620,000009.SZ,274223,1,0,8.78,1000
2026-04-01 09:16:30.440,20260401,91630440,000009.SZ,274784,2,0,9.05,100
2026-04-01 09:16:34.030,20260401,91634030,000009.SZ,275851,2,0,9.08,4400
2026-04-01 09:16:36.170,20260401,91636170,000009.SZ,276517,1,0,8.9,8200
2026-04-01 09:16:36.500,20260401,91636500,000009.SZ,276630,1,0,8.8,100
2026-04-01 09:16:39.280,20260401,91639280,000009.SZ,277487,2,0,9.47,2000
2026-04-01 09:16:42.710,20260401,91642710,000009.SZ,278568,1,0,8.76,100
2026-04-01 09:16:44.950,20260401,91644950,000009.SZ,279238,2,0,9.05,8200
2026-04-01 09:16:48.800,20260401,91648800,000009.SZ,280494,1,0,8.72,100
2026-04-01 09:16:49.970,20260401,91649970,000009.SZ,280875,1,0,8.85,3000
2026-04-01 09:16:50.200,20260401,91650200,000009.SZ,280949,1,0,8.9,2200
2026-04-01 09:16:55.060,20260401,91655060,000009.SZ,282494,2,0,9.05,2000
2026-04-01 09:16:57.280,20260401,91657280,000009.SZ,283169,2,0,9.69,200
2026-04-01 09:17:03.030,20260401,91703030,000009.SZ,285151,1,0,8.8,500
2026-04-01 09:17:16.650,20260401,91716650,000009.SZ,289698,2,0,9.15,1000
2026-04-01 09:17:17.130,20260401,91717130,000009.SZ,289863,1,0,8.85,1000
2026-04-01 09:17:24.730,20260401,91724730,000009.SZ,292485,2,0,9.25,2000
2026-04-01 09:17:26.750,20260401,91726750,000009.SZ,293183,1,0,8.82,1100
2026-04-01 09:17:30.200,20260401,91730200,000009.SZ,294414,2,0,9.0,500
2026-04-01 09:17:30.730,20260401,91730730,000009.SZ,294597,2,0,9.12,5000
2026-04-01 09:17:32.350,20260401,91732350,000009.SZ,295182,2,0,9.6,4000
2026-04-01 09:17:33.590,20260401,91733590,000009.SZ,295639,2,0,9.02,400
2026-04-01 09:17:35.360,20260401,91735360,000009.SZ,296216,2,0,9.69,2300
2026-04-01 09:17:38.140,20260401,91738140,000009.SZ,297210,2,0,9.69,1000
2026-04-01 09:17:44.270,20260401,91744270,000009.SZ,299250,2,0,9.01,1000
2026-04-01 09:17:50.690,20260401,91750690,000009.SZ,301487,2,0,9.1,1000
2026-04-01 09:17:56.920,20260401,91756920,000009.SZ,303760,2,0,9.69,8000
2026-04-01 09:17:58.230,20260401,91758230,000009.SZ,304222,2,0,9.69,1000
2026-04-01 09:18:02.490,20260401,91802490,000009.SZ,305768,2,0,9.1,300
2026-04-01 09:18:03.990,20260401,91803990,000009.SZ,306327,2,0,8.99,6400
2026-04-01 09:18:06.420,20260401,91806420,000009.SZ,307259,2,0,8.9,500
2026-04-01 09:18:06.710,20260401,91806710,000009.SZ,307359,1,0,8.9,13000
2026-04-01 09:18:14.540,20260401,91814540,000009.SZ,310256,2,0,9.33,200
2026-04-01 09:18:17.660,20260401,91817660,000009.SZ,311474,2,0,9.14,200
2026-04-01 09:18:21.140,20260401,91821140,000009.SZ,312847,2,0,9.02,2000
2026-04-01 09:18:21.580,20260401,91821580,000009.SZ,313033,2,0,9.26,1000
2026-04-01 09:18:21.900,20260401,91821900,000009.SZ,313159,2,0,8.9,200
2026-04-01 09:18:21.930,20260401,91821930,000009.SZ,313172,1,0,8.9,1500
2026-04-01 09:18:24.760,20260401,91824760,000009.SZ,314254,2,0,9.05,400
2026-04-01 09:18:25.690,20260401,91825690,000009.SZ,314638,2,0,9.03,800
2026-04-01 09:18:26.860,20260401,91826860,000009.SZ,315104,1,0,8.84,1100
2026-04-01 09:18:28.160,20260401,91828160,000009.SZ,315601,1,0,8.93,200
2026-04-01 09:18:28.250,20260401,91828250,000009.SZ,315637,1,0,8.5,1000
2026-04-01 09:18:31.310,20260401,91831310,000009.SZ,316866,2,0,9.2,500
2026-04-01 09:18:32.830,20260401,91832830,000009.SZ,317440,2,0,8.99,1300
2026-04-01 09:18:36.630,20260401,91836630,000009.SZ,318877,2,0,9.09,100
2026-04-01 09:18:43.380,20260401,91843380,000009.SZ,321552,2,0,9.69,1000
2026-04-01 09:18:44.110,20260401,91844110,000009.SZ,321804,2,0,9.69,3600
2026-04-01 09:18:45.950,20260401,91845950,000009.SZ,322497,2,0,9.06,400
2026-04-01 09:18:48.160,20260401,91848160,000009.SZ,323321,2,0,9.28,100
2026-04-01 09:18:49.170,20260401,91849170,000009.SZ,323743,2,0,9.69,10000
2026-04-01 09:18:49.440,20260401,91849440,000009.SZ,323856,2,0,9.59,2700
2026-04-01 09:18:53.120,20260401,91853120,000009.SZ,325310,2,0,8.9,500
2026-04-01 09:18:53.970,20260401,91853970,000009.SZ,325648,2,0,9.52,2000
2026-04-01 09:18:54.560,20260401,91854560,000009.SZ,325915,2,0,9.25,6000
2026-04-01 09:18:56.200,20260401,91856200,000009.SZ,326576,1,0,8.9,2800
2026-04-01 09:18:58.190,20260401,91858190,000009.SZ,327377,2,0,9.48,1500
2026-04-01 09:18:58.740,20260401,91858740,000009.SZ,327634,2,0,9.67,2300
2026-04-01 09:19:00.210,20260401,91900210,000009.SZ,328210,2,0,9.67,700
2026-04-01 09:19:02.230,20260401,91902230,000009.SZ,329049,2,0,9.42,1500
2026-04-01 09:19:05.740,20260401,91905740,000009.SZ,330583,2,0,9.38,1500
2026-04-01 09:19:05.810,20260401,91905810,000009.SZ,330603,2,0,9.44,200
2026-04-01 09:19:08.030,20260401,91908030,000009.SZ,331550,1,0,8.8,1000
2026-04-01 09:19:08.420,20260401,91908420,000009.SZ,331711,1,0,8.7,500
2026-04-01 09:19:14.550,20260401,91914550,000009.SZ,334262,1,0,8.75,1000
2026-04-01 09:19:15.910,20260401,91915910,000009.SZ,334844,2,0,9.1,500
2026-04-01 09:19:16.240,20260401,91916240,000009.SZ,334984,2,0,9.69,3100
2026-04-01 09:19:16.830,20260401,91916830,000009.SZ,335218,1,0,8.81,1000
2026-04-01 09:19:17.690,20260401,91917690,000009.SZ,335579,1,0,8.72,500
2026-04-01 09:19:17.830,20260401,91917830,000009.SZ,335630,2,0,9.34,1700
2026-04-01 09:19:18.900,20260401,91918900,000009.SZ,336135,2,0,9.06,2000
2026-04-01 09:19:20.650,20260401,91920650,000009.SZ,336956,1,0,8.7,1000
2026-04-01 09:19:22.200,20260401,91922200,000009.SZ,337639,2,0,9.69,5000
2026-04-01 09:19:23.290,20260401,91923290,000009.SZ,338147,2,0,9.09,500
2026-04-01 09:19:26.330,20260401,91926330,000009.SZ,339418,2,0,9.69,700
2026-04-01 09:19:26.690,20260401,91926690,000009.SZ,339567,1,0,8.4,800
2026-04-01 09:19:27.350,20260401,91927350,000009.SZ,339869,2,0,9.06,2000
2026-04-01 09:19:28.250,20260401,91928250,000009.SZ,340241,2,0,9.19,100
2026-04-01 09:19:32.610,20260401,91932610,000009.SZ,342199,1,0,8.9,400
2026-04-01 09:19:36.040,20260401,91936040,000009.SZ,343708,2,0,9.03,400
2026-04-01 09:19:36.190,20260401,91936190,000009.SZ,343780,2,0,9.4,3000
2026-04-01 09:19:40.110,20260401,91940110,000009.SZ,345536,1,0,8.9,10800
2026-04-01 09:19:41.290,20260401,91941290,000009.SZ,346102,1,0,8.83,300
2026-04-01 09:19:42.100,20260401,91942100,000009.SZ,346531,2,0,9.13,1200
2026-04-01 09:19:42.410,20260401,91942410,000009.SZ,346675,2,0,9.5,100000
2026-04-01 09:19:43.840,20260401,91943840,000009.SZ,347324,2,0,9.69,1000
2026-04-01 09:19:44.650,20260401,91944650,000009.SZ,347673,2,0,8.99,6400
2026-04-01 09:19:45.370,20260401,91945370,000009.SZ,347985,2,0,9.68,1600
2026-04-01 09:19:46.750,20260401,91946750,000009.SZ,348597,2,0,9.07,10900
2026-04-01 09:19:50.310,20260401,91950310,000009.SZ,350233,1,0,8.8,15000
2026-04-01 09:19:50.760,20260401,91950760,000009.SZ,350443,2,0,9.54,200
2026-04-01 09:19:50.890,20260401,91950890,000009.SZ,350502,2,0,8.93,1000
2026-04-01 09:19:54.660,20260401,91954660,000009.SZ,352307,1,0,8.0,300
2026-04-01 09:19:55.050,20260401,91955050,000009.SZ,352478,2,0,9.4,1000
2026-04-01 09:19:55.540,20260401,91955540,000009.SZ,352690,2,0,8.92,10000
2026-04-01 09:19:57.120,20260401,91957120,000009.SZ,353386,2,0,9.69,100000
2026-04-01 09:20:00.140,20260401,92000140,000009.SZ,354871,2,0,8.38,100
2026-04-01 09:20:00.170,20260401,92000170,000009.SZ,354892,2,0,8.38,100
2026-04-01 09:20:01.800,20260401,92001800,000009.SZ,355579,2,0,9.08,6000
2026-04-01 09:20:02.390,20260401,92002390,000009.SZ,355942,2,0,9.68,6900
2026-04-01 09:20:04.070,20260401,92004070,000009.SZ,356857,2,0,9.69,100000
2026-04-01 09:20:06.410,20260401,92006410,000009.SZ,358001,2,0,7.93,2000
2026-04-01 09:20:14.420,20260401,92014420,000009.SZ,361143,2,0,9.5,500
2026-04-01 09:20:20.830,20260401,92020830,000009.SZ,363540,2,0,9.19,1900
2026-04-01 09:20:21.190,20260401,92021190,000009.SZ,363667,2,0,8.9,300
2026-04-01 09:20:25.990,20260401,92025990,000009.SZ,365501,2,0,9.2,20000
2026-04-01 09:20:28.480,20260401,92028480,000009.SZ,366462,1,0,8.72,1000
2026-04-01 09:20:29.210,20260401,92029210,000009.SZ,366742,2,0,9.63,1500
2026-04-01 09:20:29.260,20260401,92029260,000009.SZ,366766,2,0,9.69,3000
2026-04-01 09:20:30.210,20260401,92030210,000009.SZ,367101,1,0,8.72,1100
2026-04-01 09:20:32.630,20260401,92032630,000009.SZ,368038,2,0,9.3,20000
2026-04-01 09:20:33.230,20260401,92033230,000009.SZ,368267,2,0,9.3,900
2026-04-01 09:20:34.110,20260401,92034110,000009.SZ,368583,1,0,8.9,1000
2026-04-01 09:20:38.850,20260401,92038850,000009.SZ,370474,2,0,9.4,20000
2026-04-01 09:20:39.550,20260401,92039550,000009.SZ,370756,1,0,8.6,600
2026-04-01 09:20:44.400,20260401,92044400,000009.SZ,372712,1,0,8.9,300
2026-04-01 09:20:47.750,20260401,92047750,000009.SZ,374091,2,0,8.92,900
2026-04-01 09:20:48.560,20260401,92048560,000009.SZ,374423,1,0,8.6,3000
2026-04-01 09:20:50.830,20260401,92050830,000009.SZ,375308,2,0,9.69,100
2026-04-01 09:20:53.710,20260401,92053710,000009.SZ,376507,2,0,8.98,1000
2026-04-01 09:21:01.620,20260401,92101620,000009.SZ,380577,2,0,9.43,1000
2026-04-01 09:21:03.240,20260401,92103240,000009.SZ,381446,1,0,8.9,300
2026-04-01 09:21:04.160,20260401,92104160,000009.SZ,381840,2,0,7.93,1000
2026-04-01 09:21:04.240,20260401,92104240,000009.SZ,381866,2,0,8.97,2900
2026-04-01 09:21:06.040,20260401,92106040,000009.SZ,382627,2,0,9.09,8000
2026-04-01 09:21:06.230,20260401,92106230,000009.SZ,382702,1,0,8.8,500
2026-04-01 09:21:07.150,20260401,92107150,000009.SZ,383104,2,0,9.08,1500
2026-04-01 09:21:08.420,20260401,92108420,000009.SZ,383715,1,0,8.85,1000
2026-04-01 09:21:12.050,20260401,92112050,000009.SZ,385294,1,0,8.75,1000
2026-04-01 09:21:15.690,20260401,92115690,000009.SZ,386847,2,0,9.68,1000
2026-04-01 09:21:18.140,20260401,92118140,000009.SZ,387964,2,0,9.05,200
2026-04-01 09:21:19.270,20260401,92119270,000009.SZ,388418,2,0,8.9,500
2026-04-01 09:21:22.600,20260401,92122600,000009.SZ,389940,1,0,8.9,3000
2026-04-01 09:21:30.910,20260401,92130910,000009.SZ,393616,2,0,9.38,4500
2026-04-01 09:21:32.000,20260401,92132000,000009.SZ,394081,2,0,9.15,600
2026-04-01 09:21:33.300,20260401,92133300,000009.SZ,394655,2,0,9.65,100
2026-04-01 09:21:36.650,20260401,92136650,000009.SZ,396133,2,0,9.0,1300
2026-04-01 09:21:41.480,20260401,92141480,000009.SZ,398279,1,0,8.9,100
2026-04-01 09:21:44.340,20260401,92144340,000009.SZ,399489,2,0,9.1,2300
2026-04-01 09:21:46.090,20260401,92146090,000009.SZ,400270,2,0,9.08,1000
2026-04-01 09:21:46.870,20260401,92146870,000009.SZ,400633,2,0,9.02,700
2026-04-01 09:21:48.230,20260401,92148230,000009.SZ,401229,2,0,9.68,1100
2026-04-01 09:21:51.440,20260401,92151440,000009.SZ,402772,1,0,8.96,4800
2026-04-01 09:21:51.560,20260401,92151560,000009.SZ,402833,2,0,9.69,3000
2026-04-01 09:21:51.560,20260401,92151560,000009.SZ,402834,2,0,9.14,200
2026-04-01 09:21:52.260,20260401,92152260,000009.SZ,403200,2,0,9.09,500
2026-04-01 09:21:57.360,20260401,92157360,000009.SZ,405603,1,0,8.68,500
2026-04-01 09:21:59.480,20260401,92159480,000009.SZ,406547,1,0,8.9,11200
2026-04-01 09:22:00.090,20260401,92200090,000009.SZ,406847,1,0,8.7,1000
2026-04-01 09:22:00.830,20260401,92200830,000009.SZ,407193,1,0,8.86,1000
2026-04-01 09:22:01.840,20260401,92201840,000009.SZ,407696,2,0,8.99,2800
2026-04-01 09:22:02.870,20260401,92202870,000009.SZ,408175,1,0,8.85,200
2026-04-01 09:22:05.630,20260401,92205630,000009.SZ,409458,1,0,8.9,500
2026-04-01 09:22:07.110,20260401,92207110,000009.SZ,410162,2,0,9.58,20000
2026-04-01 09:22:07.820,20260401,92207820,000009.SZ,410510,1,0,8.82,2000
2026-04-01 09:22:10.550,20260401,92210550,000009.SZ,411780,2,0,9.68,400
2026-04-01 09:22:11.340,20260401,92211340,000009.SZ,412159,2,0,9.24,100
2026-04-01 09:22:11.350,20260401,92211350,000009.SZ,412162,2,0,9.1,1000
2026-04-01 09:22:11.450,20260401,92211450,000009.SZ,412219,2,0,9.17,5500
2026-04-01 09:22:12.150,20260401,92212150,000009.SZ,412623,2,0,9.37,1900
2026-04-01 09:22:13.120,20260401,92213120,000009.SZ,413102,2,0,8.9,200
2026-04-01 09:22:13.510,20260401,92213510,000009.SZ,413326,2,0,9.15,10000
2026-04-01 09:22:14.240,20260401,92214240,000009.SZ,413740,1,0,8.92,5000
2026-04-01 09:22:17.620,20260401,92217620,000009.SZ,415535,2,0,9.68,500
2026-04-01 09:22:20.830,20260401,92220830,000009.SZ,417115,2,0,9.13,300
2026-04-01 09:22:21.290,20260401,92221290,000009.SZ,417356,2,0,9.23,100
2026-04-01 09:22:26.760,20260401,92226760,000009.SZ,420096,2,0,9.39,3500
2026-04-01 09:22:27.890,20260401,92227890,000009.SZ,420606,2,0,9.0,1000
2026-04-01 09:22:28.500,20260401,92228500,000009.SZ,420918,2,0,8.98,2500
2026-04-01 09:22:31.710,20260401,92231710,000009.SZ,422584,2,0,9.69,10900
2026-04-01 09:22:35.140,20260401,92235140,000009.SZ,424396,2,0,9.45,1500
2026-04-01 09:22:35.190,20260401,92235190,000009.SZ,424420,2,0,9.1,100
2026-04-01 09:22:36.830,20260401,92236830,000009.SZ,425254,1,0,8.85,1000
2026-04-01 09:22:38.670,20260401,92238670,000009.SZ,426233,1,0,8.9,2400
2026-04-01 09:22:43.750,20260401,92243750,000009.SZ,428960,1,0,8.86,200
2026-04-01 09:22:44.150,20260401,92244150,000009.SZ,429163,2,0,8.9,5000
2026-04-01 09:22:45.390,20260401,92245390,000009.SZ,429852,2,0,9.69,1900
2026-04-01 09:22:49.940,20260401,92249940,000009.SZ,432280,1,0,8.85,1000
2026-04-01 09:22:50.190,20260401,92250190,000009.SZ,432423,2,0,9.14,2000
2026-04-01 09:22:50.370,20260401,92250370,000009.SZ,432513,2,0,9.11,1000
2026-04-01 09:22:52.250,20260401,92252250,000009.SZ,433518,2,0,9.69,3100
2026-04-01 09:22:53.670,20260401,92253670,000009.SZ,434319,2,0,9.1,5000
2026-04-01 09:22:53.750,20260401,92253750,000009.SZ,434371,2,0,9.3,300
2026-04-01 09:22:55.310,20260401,92255310,000009.SZ,435270,2,0,9.15,1800
2026-04-01 09:23:00.090,20260401,92300090,000009.SZ,437905,2,0,9.42,1000
2026-04-01 09:23:00.400,20260401,92300400,000009.SZ,438091,2,0,9.15,5000
2026-04-01 09:23:00.750,20260401,92300750,000009.SZ,438326,2,0,8.95,400
2026-04-01 09:23:01.250,20260401,92301250,000009.SZ,438636,2,0,9.08,1000
2026-04-01 09:23:05.950,20260401,92305950,000009.SZ,441279,1,0,8.9,3000
2026-04-01 09:23:07.600,20260401,92307600,000009.SZ,442222,2,0,9.2,5000
2026-04-01 09:23:10.480,20260401,92310480,000009.SZ,443847,1,0,8.87,700
2026-04-01 09:23:12.340,20260401,92312340,000009.SZ,444922,1,0,8.98,200
2026-04-01 09:23:12.510,20260401,92312510,000009.SZ,445003,2,0,9.13,32100
2026-04-01 09:23:12.870,20260401,92312870,000009.SZ,445204,1,0,8.82,4800
2026-04-01 09:23:12.950,20260401,92312950,000009.SZ,445267,1,0,8.87,8600
2026-04-01 09:23:18.930,20260401,92318930,000009.SZ,448761,2,0,8.93,10000
2026-04-01 09:23:19.110,20260401,92319110,000009.SZ,448869,1,0,8.95,300
2026-04-01 09:23:19.650,20260401,92319650,000009.SZ,449186,2,0,9.08,1000
2026-04-01 09:23:21.240,20260401,92321240,000009.SZ,450105,2,0,9.08,1200
2026-04-01 09:23:21.770,20260401,92321770,000009.SZ,450432,2,0,8.99,4600
2026-04-01 09:23:23.530,20260401,92323530,000009.SZ,451523,1,0,8.9,10000
2026-04-01 09:23:25.860,20260401,92325860,000009.SZ,452910,2,0,9.11,3900
2026-04-01 09:23:25.900,20260401,92325900,000009.SZ,452944,2,0,9.02,19500
2026-04-01 09:23:30.830,20260401,92330830,000009.SZ,456102,2,0,9.01,5000
2026-04-01 09:23:30.850,20260401,92330850,000009.SZ,456112,2,0,9.06,2000
2026-04-01 09:23:32.250,20260401,92332250,000009.SZ,457014,2,0,9.23,1700
2026-04-01 09:23:33.410,20260401,92333410,000009.SZ,457776,2,0,9.15,2000
2026-04-01 09:23:33.470,20260401,92333470,000009.SZ,457818,1,0,8.63,3000
2026-04-01 09:23:33.600,20260401,92333600,000009.SZ,457904,1,0,8.4,2000
2026-04-01 09:23:33.990,20260401,92333990,000009.SZ,458143,2,0,7.93,300
2026-04-01 09:23:34.570,20260401,92334570,000009.SZ,458525,2,0,9.25,1000
2026-04-01 09:23:34.850,20260401,92334850,000009.SZ,458715,2,0,9.18,1000
2026-04-01 09:23:35.660,20260401,92335660,000009.SZ,459280,1,0,8.85,200
2026-04-01 09:23:36.160,20260401,92336160,000009.SZ,459635,1,0,8.81,200
2026-04-01 09:23:37.830,20260401,92337830,000009.SZ,460735,2,0,9.58,1000
2026-04-01 09:23:41.220,20260401,92341220,000009.SZ,462795,2,0,9.69,16500
2026-04-01 09:23:43.290,20260401,92343290,000009.SZ,464153,1,0,8.5,1500
2026-04-01 09:23:46.120,20260401,92346120,000009.SZ,465979,2,0,8.9,1000
2026-04-01 09:23:47.020,20260401,92347020,000009.SZ,466565,1,0,8.9,3000
2026-04-01 09:23:47.230,20260401,92347230,000009.SZ,466712,1,0,8.96,200
2026-04-01 09:23:51.760,20260401,92351760,000009.SZ,469699,1,0,8.85,200
2026-04-01 09:23:52.670,20260401,92352670,000009.SZ,470281,2,0,9.29,2200
2026-04-01 09:23:54.050,20260401,92354050,000009.SZ,471173,2,0,9.4,5200
2026-04-01 09:23:54.480,20260401,92354480,000009.SZ,471472,2,0,9.2,1500
2026-04-01 09:23:55.270,20260401,92355270,000009.SZ,471979,2,0,9.42,600
2026-04-01 09:23:57.040,20260401,92357040,000009.SZ,473118,2,0,8.9,1600
2026-04-01 09:23:57.180,20260401,92357180,000009.SZ,473210,2,0,9.69,6200
2026-04-01 09:23:57.690,20260401,92357690,000009.SZ,473545,1,0,8.96,2000
2026-04-01 09:23:58.210,20260401,92358210,000009.SZ,473892,1,0,8.9,5000
2026-04-01 09:23:59.640,20260401,92359640,000009.SZ,474877,1,0,8.9,500
2026-04-01 09:24:00.110,20260401,92400110,000009.SZ,475325,2,0,8.37,100
2026-04-01 09:24:00.490,20260401,92400490,000009.SZ,475663,2,0,9.13,2000
2026-04-01 09:24:01.630,20260401,92401630,000009.SZ,476459,2,0,9.17,500
2026-04-01 09:24:04.490,20260401,92404490,000009.SZ,478491,1,0,8.91,1000
2026-04-01 09:24:06.790,20260401,92406790,000009.SZ,480253,2,0,9.35,1000
2026-04-01 09:24:08.250,20260401,92408250,000009.SZ,481418,1,0,8.9,100
2026-04-01 09:24:09.070,20260401,92409070,000009.SZ,482084,1,0,8.9,1200
2026-04-01 09:24:11.430,20260401,92411430,000009.SZ,484122,1,0,8.9,5000
2026-04-01 09:24:14.260,20260401,92414260,000009.SZ,486528,2,0,9.69,700
2026-04-01 09:24:14.720,20260401,92414720,000009.SZ,486932,1,0,8.6,2000
2026-04-01 09:24:15.110,20260401,92415110,000009.SZ,487252,1,0,9.0,200
2026-04-01 09:24:16.270,20260401,92416270,000009.SZ,488312,2,0,9.69,1900
2026-04-01 09:24:16.740,20260401,92416740,000009.SZ,488703,1,0,8.84,2000
2026-04-01 09:24:17.640,20260401,92417640,000009.SZ,489531,1,0,8.9,2000
2026-04-01 09:24:18.260,20260401,92418260,000009.SZ,490143,1,0,9.1,1100
2026-04-01 09:24:21.260,20260401,92421260,000009.SZ,493024,1,0,8.96,1000
2026-04-01 09:24:22.090,20260401,92422090,000009.SZ,493898,2,0,8.88,1300
2026-04-01 09:24:26.560,20260401,92426560,000009.SZ,498215,2,0,9.15,500
2026-04-01 09:24:27.940,20260401,92427940,000009.SZ,499596,1,0,8.91,7000
2026-04-01 09:24:29.360,20260401,92429360,000009.SZ,501088,2,0,9.2,2500
2026-04-01 09:24:29.580,20260401,92429580,000009.SZ,501297,2,0,9.4,400
2026-04-01 09:24:29.590,20260401,92429590,000009.SZ,501323,2,0,9.67,1500
2026-04-01 09:24:30.040,20260401,92430040,000009.SZ,501813,2,0,8.64,200
2026-04-01 09:24:30.810,20260401,92430810,000009.SZ,502706,1,0,8.91,80500
2026-04-01 09:24:32.420,20260401,92432420,000009.SZ,504314,1,0,8.91,17600
2026-04-01 09:24:36.870,20260401,92436870,000009.SZ,508927,2,0,9.11,400
2026-04-01 09:24:37.530,20260401,92437530,000009.SZ,509628,1,0,8.91,1300
2026-04-01 09:24:40.600,20260401,92440600,000009.SZ,513299,2,0,8.99,200
2026-04-01 09:24:41.670,20260401,92441670,000009.SZ,514431,2,0,9.68,7100
2026-04-01 09:24:42.140,20260401,92442140,000009.SZ,514944,2,0,8.96,1000
2026-04-01 09:24:42.320,20260401,92442320,000009.SZ,515124,1,0,8.95,500
2026-04-01 09:24:42.870,20260401,92442870,000009.SZ,515668,2,0,8.88,100
2026-04-01 09:24:42.870,20260401,92442870,000009.SZ,515672,2,0,8.88,1000
2026-04-01 09:24:42.870,20260401,92442870,000009.SZ,515673,2,0,8.88,200
2026-04-01 09:24:42.870,20260401,92442870,000009.SZ,515674,2,0,8.88,100
2026-04-01 09:24:45.450,20260401,92445450,000009.SZ,518608,1,0,8.9,400
2026-04-01 09:24:45.490,20260401,92445490,000009.SZ,518656,2,0,9.26,100
2026-04-01 09:24:47.650,20260401,92447650,000009.SZ,521292,1,0,8.9,900
2026-04-01 09:24:48.310,20260401,92448310,000009.SZ,522078,2,0,9.69,5000
2026-04-01 09:24:48.600,20260401,92448600,000009.SZ,522481,1,0,8.91,53600
2026-04-01 09:24:50.400,20260401,92450400,000009.SZ,525329,2,0,9.03,4000
2026-04-01 09:24:50.690,20260401,92450690,000009.SZ,525726,2,0,8.78,100
2026-04-01 09:24:51.490,20260401,92451490,000009.SZ,526697,2,0,9.69,3600
2026-04-01 09:24:52.360,20260401,92452360,000009.SZ,527938,2,0,9.0,400
2026-04-01 09:24:52.430,20260401,92452430,000009.SZ,528031,1,0,8.91,4000
2026-04-01 09:24:52.710,20260401,92452710,000009.SZ,528449,1,0,8.8,1500
2026-04-01 09:24:52.900,20260401,92452900,000009.SZ,528755,1,0,8.97,6200
2026-04-01 09:24:54.520,20260401,92454520,000009.SZ,531827,2,0,9.57,300
2026-04-01 09:24:55.030,20260401,92455030,000009.SZ,532844,1,0,8.91,1100
2026-04-01 09:24:55.030,20260401,92455030,000009.SZ,532852,1,0,8.93,2100
2026-04-01 09:24:55.640,20260401,92455640,000009.SZ,534182,1,0,9.25,9700
2026-04-01 09:24:56.750,20260401,92456750,000009.SZ,537270,2,0,9.41,500
2026-04-01 09:24:56.760,20260401,92456760,000009.SZ,537301,1,0,9.03,2200
2026-04-01 09:24:58.600,20260401,92458600,000009.SZ,543923,1,0,8.92,5200
2026-04-01 09:24:59.530,20260401,92459530,000009.SZ,548346,1,0,8.95,800
2026-04-01 09:24:59.690,20260401,92459690,000009.SZ,549625,1,0,8.98,100
2026-04-01 09:24:59.750,20260401,92459750,000009.SZ,550228,1,0,9.15,700
2026-04-01 09:24:59.940,20260401,92459940,000009.SZ,551876,1,0,8.97,1100
2026-04-01 09:24:59.980,20260401,92459980,000009.SZ,553111,1,0,9.19,9000
2026-04-01 09:30:00.030,20260401,93000030,000009.SZ,651019,1,0,8.94,200
2026-04-01 09:30:00.050,20260401,93000050,000009.SZ,664110,1,0,8.83,700
2026-04-01 09:30:00.060,20260401,93000060,000009.SZ,668543,2,0,9.56,100
2026-04-01 09:30:00.060,20260401,93000060,000009.SZ,669995,1,0,8.9,100
2026-04-01 09:30:00.070,20260401,93000070,000009.SZ,675197,2,0,8.98,1100
2026-04-01 09:30:00.070,20260401,93000070,000009.SZ,676377,2,0,9.05,1100
2026-04-01 09:30:00.070,20260401,93000070,000009.SZ,676503,2,0,9.1,100
2026-04-01 09:30:00.080,20260401,93000080,000009.SZ,677925,1,0,8.94,600
2026-04-01 09:30:00.080,20260401,93000080,000009.SZ,678228,1,0,8.94,3000
2026-04-01 09:30:00.080,20260401,93000080,000009.SZ,680085,2,0,9.33,1000
2026-04-01 09:30:00.080,20260401,93000080,000009.SZ,682096,1,0,8.88,100
2026-04-01 09:30:00.090,20260401,93000090,000009.SZ,682869,2,0,9.15,100
2026-04-01 09:30:00.090,20260401,93000090,000009.SZ,684562,1,0,8.96,2000
2026-04-01 09:30:00.090,20260401,93000090,000009.SZ,684727,1,0,8.81,1000
2026-04-01 09:30:00.100,20260401,93000100,000009.SZ,687678,2,0,8.97,3000
2026-04-01 09:30:00.100,20260401,93000100,000009.SZ,688189,1,0,8.94,600
2026-04-01 09:30:00.100,20260401,93000100,000009.SZ,689482,2,0,8.96,900
2026-04-01 09:30:00.100,20260401,93000100,000009.SZ,691645,2,0,9.3,8800
2026-04-01 09:30:00.100,20260401,93000100,000009.SZ,692062,2,0,9.25,1200
2026-04-01 09:30:00.100,20260401,93000100,000009.SZ,692175,1,0,8.92,5500
2026-04-01 09:30:00.100,20260401,93000100,000009.SZ,692198,1,0,8.93,1000
2026-04-01 09:30:00.110,20260401,93000110,000009.SZ,693187,2,0,9.66,500
2026-04-01 09:30:00.110,20260401,93000110,000009.SZ,695232,2,0,8.96,4000
2026-04-01 09:30:00.110,20260401,93000110,000009.SZ,695394,1,0,8.88,100
2026-04-01 09:30:00.110,20260401,93000110,000009.SZ,697862,1,0,8.93,1100
2026-04-01 09:30:00.110,20260401,93000110,000009.SZ,698359,2,0,9.1,2000
2026-04-01 09:30:00.120,20260401,93000120,000009.SZ,698550,2,0,9.05,500
2026-04-01 09:30:00.120,20260401,93000120,000009.SZ,699702,2,0,9.0,4000
2026-04-01 09:30:00.120,20260401,93000120,000009.SZ,701045,1,0,8.5,200
2026-04-01 09:30:00.120,20260401,93000120,000009.SZ,701679,1,0,8.84,100
2026-04-01 09:30:00.130,20260401,93000130,000009.SZ,703830,1,0,8.93,10400
2026-04-01 09:30:00.130,20260401,93000130,000009.SZ,707528,2,0,9.68,5000
2026-04-01 09:30:00.130,20260401,93000130,000009.SZ,707565,2,0,9.14,3800
2026-04-01 09:30:00.130,20260401,93000130,000009.SZ,708704,2,0,8.92,500
2026-04-01 09:30:00.140,20260401,93000140,000009.SZ,710005,1,0,8.77,1000
2026-04-01 09:30:00.140,20260401,93000140,000009.SZ,715051,2,0,8.97,2000
2026-04-01 09:30:00.150,20260401,93000150,000009.SZ,715942,2,0,8.92,2000
2026-04-01 09:30:00.150,20260401,93000150,000009.SZ,716039,2,0,9.69,1000
2026-04-01 09:30:00.150,20260401,93000150,000009.SZ,716671,1,0,8.94,400
2026-04-01 09:30:00.150,20260401,93000150,000009.SZ,717681,2,0,9.08,400
2026-04-01 09:30:00.150,20260401,93000150,000009.SZ,717764,1,0,8.93,5700
2026-04-01 09:30:00.160,20260401,93000160,000009.SZ,723113,2,0,9.2,4100
2026-04-01 09:30:00.160,20260401,93000160,000009.SZ,724287,1,0,8.9,100
2026-04-01 09:30:00.160,20260401,93000160,000009.SZ,724575,2,0,8.93,1000
2026-04-01 09:30:00.160,20260401,93000160,000009.SZ,724671,2,0,8.99,1000
2026-04-01 09:30:00.160,20260401,93000160,000009.SZ,726347,1,0,8.9,1000
2026-04-01 09:30:00.170,20260401,93000170,000009.SZ,727459,1,0,8.93,5000
2026-04-01 09:30:00.170,20260401,93000170,000009.SZ,727987,1,0,8.75,1100
2026-04-01 09:30:00.170,20260401,93000170,000009.SZ,729967,1,0,8.92,5900
2026-04-01 09:30:00.170,20260401,93000170,000009.SZ,731974,2,0,9.07,1000
2026-04-01 09:30:00.180,20260401,93000180,000009.SZ,737007,2,0,9.6,500
2026-04-01 09:30:00.190,20260401,93000190,000009.SZ,741116,1,0,8.93,5000
2026-04-01 09:30:00.190,20260401,93000190,000009.SZ,743409,2,0,8.93,1000
2026-04-01 09:30:00.200,20260401,93000200,000009.SZ,745543,2,0,9.38,1100
2026-04-01 09:30:00.200,20260401,93000200,000009.SZ,746789,1,0,8.93,1000
2026-04-01 09:30:00.210,20260401,93000210,000009.SZ,748570,2,0,9.1,400
2026-04-01 09:30:00.210,20260401,93000210,000009.SZ,749314,2,0,8.93,10000
2026-04-01 09:30:00.220,20260401,93000220,000009.SZ,752660,2,0,9.11,3000
2026-04-01 09:30:00.220,20260401,93000220,000009.SZ,753644,2,0,9.3,400
2026-04-01 09:30:00.220,20260401,93000220,000009.SZ,753847,1,0,8.83,5000
2026-04-01 09:30:00.220,20260401,93000220,000009.SZ,754641,2,0,9.1,600
2026-04-01 09:30:00.220,20260401,93000220,000009.SZ,754717,2,0,9.05,1000
2026-04-01 09:30:00.240,20260401,93000240,000009.SZ,759856,2,0,9.28,26100
2026-04-01 09:30:00.240,20260401,93000240,000009.SZ,760301,1,0,8.93,1000
2026-04-01 09:30:00.250,20260401,93000250,000009.SZ,765372,2,0,9.69,600
2026-04-01 09:30:00.260,20260401,93000260,000009.SZ,766967,2,0,9.67,1600
2026-04-01 09:30:00.260,20260401,93000260,000009.SZ,767455,2,0,9.41,500
2026-04-01 09:30:00.260,20260401,93000260,000009.SZ,769484,1,0,8.85,50000
2026-04-01 09:30:00.270,20260401,93000270,000009.SZ,769758,2,0,9.6,300
2026-04-01 09:30:00.270,20260401,93000270,000009.SZ,771472,2,0,9.69,500
2026-04-01 09:30:00.270,20260401,93000270,000009.SZ,771501,1,0,8.92,11600
2026-04-01 09:30:00.270,20260401,93000270,000009.SZ,772481,1,0,8.92,5000
2026-04-01 09:30:00.290,20260401,93000290,000009.SZ,777116,2,0,9.39,5000
2026-04-01 09:30:00.290,20260401,93000290,000009.SZ,777668,2,0,9.05,100
2026-04-01 09:30:00.290,20260401,93000290,000009.SZ,777947,1,0,8.93,1000
2026-04-01 09:30:00.300,20260401,93000300,000009.SZ,779388,2,0,9.68,1000
2026-04-01 09:30:00.300,20260401,93000300,000009.SZ,779508,2,0,9.61,1000
2026-04-01 09:30:00.300,20260401,93000300,000009.SZ,780358,2,0,8.97,1900
2026-04-01 09:30:00.300,20260401,93000300,000009.SZ,780443,2,0,8.99,1700
2026-04-01 09:30:00.300,20260401,93000300,000009.SZ,780860,2,0,9.0,1700
2026-04-01 09:30:00.310,20260401,93000310,000009.SZ,781892,2,0,9.28,500
2026-04-01 09:30:00.310,20260401,93000310,000009.SZ,782407,2,0,9.2,100
2026-04-01 09:30:00.310,20260401,93000310,000009.SZ,784295,2,0,9.0,12400
2026-04-01 09:30:00.340,20260401,93000340,000009.SZ,789957,1,0,8.92,1000
2026-04-01 09:30:00.350,20260401,93000350,000009.SZ,793117,1,0,8.93,15000
2026-04-01 09:30:00.350,20260401,93000350,000009.SZ,793445,2,0,9.01,10000
2026-04-01 09:30:00.370,20260401,93000370,000009.SZ,796824,1,0,8.8,22900
2026-04-01 09:30:00.370,20260401,93000370,000009.SZ,796911,1,0,8.69,1000
2026-04-01 09:30:00.370,20260401,93000370,000009.SZ,797747,2,0,9.0,2000
2026-04-01 09:30:00.380,20260401,93000380,000009.SZ,798055,2,0,9.05,3000
2026-04-01 09:30:00.380,20260401,93000380,000009.SZ,798773,2,0,9.69,276100
2026-04-01 09:30:00.400,20260401,93000400,000009.SZ,802331,1,0,8.92,5900
2026-04-01 09:30:00.400,20260401,93000400,000009.SZ,802847,1,0,8.88,2000
2026-04-01 09:30:00.400,20260401,93000400,000009.SZ,803266,1,0,8.86,30000
2026-04-01 09:30:00.410,20260401,93000410,000009.SZ,804180,2,0,8.93,2000
2026-04-01 09:30:00.410,20260401,93000410,000009.SZ,805280,2,0,8.96,400
2026-04-01 09:30:00.410,20260401,93000410,000009.SZ,805644,1,0,8.86,1200
2026-04-01 09:30:00.430,20260401,93000430,000009.SZ,809002,2,0,9.69,200
2026-04-01 09:30:00.430,20260401,93000430,000009.SZ,809435,2,0,8.93,3000
2026-04-01 09:30:00.430,20260401,93000430,000009.SZ,809726,2,0,9.55,50000
2026-04-01 09:30:00.430,20260401,93000430,000009.SZ,809755,1,0,8.81,3500
2026-04-01 09:30:00.430,20260401,93000430,000009.SZ,810062,1,0,8.93,300
2026-04-01 09:30:00.430,20260401,93000430,000009.SZ,810122,2,0,9.01,1700
2026-04-01 09:30:00.440,20260401,93000440,000009.SZ,810802,2,0,9.5,400
2026-04-01 09:30:00.440,20260401,93000440,000009.SZ,810850,1,0,8.89,500
2026-04-01 09:30:00.440,20260401,93000440,000009.SZ,811518,2,0,9.27,1800
2026-04-01 09:30:00.440,20260401,93000440,000009.SZ,811612,1,0,8.93,500
2026-04-01 09:30:00.440,20260401,93000440,000009.SZ,811980,2,0,9.69,400
2026-04-01 09:30:00.440,20260401,93000440,000009.SZ,812279,1,0,8.88,4900
2026-04-01 09:30:00.450,20260401,93000450,000009.SZ,814010,1,0,9.04,500
2026-04-01 09:30:00.460,20260401,93000460,000009.SZ,816108,1,0,8.93,200
2026-04-01 09:30:00.470,20260401,93000470,000009.SZ,817192,2,0,9.03,1700
2026-04-01 09:30:00.470,20260401,93000470,000009.SZ,817731,2,0,9.04,1700
2026-04-01 09:30:00.470,20260401,93000470,000009.SZ,817771,2,0,9.05,1700
2026-04-01 09:30:00.470,20260401,93000470,000009.SZ,817775,1,0,8.93,1600
2026-04-01 09:30:00.470,20260401,93000470,000009.SZ,817776,1,0,8.93,900
2026-04-01 09:30:00.470,20260401,93000470,000009.SZ,817874,2,0,9.02,1700
2026-04-01 09:30:00.470,20260401,93000470,000009.SZ,818626,2,0,9.13,17300
2026-04-01 09:30:00.480,20260401,93000480,000009.SZ,819261,2,0,9.13,500
2026-04-01 09:30:00.500,20260401,93000500,000009.SZ,823039,2,0,9.1,1000
2026-04-01 09:30:00.500,20260401,93000500,000009.SZ,823748,2,0,9.06,1700
2026-04-01 09:30:00.500,20260401,93000500,000009.SZ,823828,2,0,9.07,1700
2026-04-01 09:30:00.500,20260401,93000500,000009.SZ,824408,1,0,8.94,200
2026-04-01 09:30:00.500,20260401,93000500,000009.SZ,824471,1,0,8.94,200
2026-04-01 09:30:00.500,20260401,93000500,000009.SZ,824654,2,0,9.08,1700
2026-04-01 09:30:00.500,20260401,93000500,000009.SZ,824885,2,0,9.09,1700
2026-04-01 09:30:00.510,20260401,93000510,000009.SZ,824974,1,0,8.94,100
2026-04-01 09:30:00.510,20260401,93000510,000009.SZ,824978,2,0,9.1,1700
2026-04-01 09:30:00.510,20260401,93000510,000009.SZ,825250,1,0,8.94,2500
2026-04-01 09:30:00.510,20260401,93000510,000009.SZ,825734,1,0,8.93,900
2026-04-01 09:30:00.510,20260401,93000510,000009.SZ,826049,2,0,9.13,9400
2026-04-01 09:30:00.520,20260401,93000520,000009.SZ,828022,2,0,8.95,4600
2026-04-01 09:30:00.520,20260401,93000520,000009.SZ,829397,1,0,8.93,500
2026-04-01 09:30:00.550,20260401,93000550,000009.SZ,834069,2,0,9.1,3500
2026-04-01 09:30:00.550,20260401,93000550,000009.SZ,834939,1,0,8.93,500
2026-04-01 09:30:00.550,20260401,93000550,000009.SZ,835340,1,0,8.93,5000
2026-04-01 09:30:00.560,20260401,93000560,000009.SZ,837319,2,0,8.95,2000
2026-04-01 09:30:00.570,20260401,93000570,000009.SZ,838271,2,0,9.05,3500
2026-04-01 09:30:00.580,20260401,93000580,000009.SZ,840643,2,0,8.93,100
2026-04-01 09:30:00.590,20260401,93000590,000009.SZ,842021,2,0,8.93,500
2026-04-01 09:30:00.590,20260401,93000590,000009.SZ,842153,2,0,9.05,3000
2026-04-01 09:30:00.600,20260401,93000600,000009.SZ,843070,2,0,9.17,300
2026-04-01 09:30:00.600,20260401,93000600,000009.SZ,843729,1,0,8.93,500
2026-04-01 09:30:00.610,20260401,93000610,000009.SZ,844004,1,0,8.4,500
2026-04-01 09:30:00.610,20260401,93000610,000009.SZ,844953,1,0,8.95,100000
2026-04-01 09:30:00.620,20260401,93000620,000009.SZ,845684,2,0,9.05,3800
2026-04-01 09:30:00.630,20260401,93000630,000009.SZ,847077,2,0,9.43,1700
2026-04-01 09:30:00.630,20260401,93000630,000009.SZ,847370,1,0,8.93,3000
2026-04-01 09:30:00.630,20260401,93000630,000009.SZ,847557,2,0,8.93,700
2026-04-01 09:30:00.630,20260401,93000630,000009.SZ,848396,2,0,9.69,1500
2026-04-01 09:30:00.630,20260401,93000630,000009.SZ,848654,2,0,9.4,800
2026-04-01 09:30:00.640,20260401,93000640,000009.SZ,849383,2,0,9.69,1000
2026-04-01 09:30:00.640,20260401,93000640,000009.SZ,849606,1,0,8.89,300
2026-04-01 09:30:00.640,20260401,93000640,000009.SZ,849638,2,0,9.55,1000
2026-04-01 09:30:00.650,20260401,93000650,000009.SZ,850752,1,0,8.87,1000
2026-04-01 09:30:00.650,20260401,93000650,000009.SZ,851012,2,0,9.44,500
2026-04-01 09:30:00.660,20260401,93000660,000009.SZ,852214,1,0,8.9,1000
2026-04-01 09:30:00.690,20260401,93000690,000009.SZ,857319,2,0,8.98,500
2026-04-01 09:30:00.690,20260401,93000690,000009.SZ,857861,2,0,9.3,1000
2026-04-01 09:30:00.700,20260401,93000700,000009.SZ,860023,2,0,9.11,800
2026-04-01 09:30:00.710,20260401,93000710,000009.SZ,861200,2,0,9.69,600
2026-04-01 09:30:00.710,20260401,93000710,000009.SZ,862446,2,0,9.2,2000
2026-04-01 09:30:00.720,20260401,93000720,000009.SZ,863415,2,0,8.93,100
2026-04-01 09:30:00.730,20260401,93000730,000009.SZ,864979,2,0,9.02,400
2026-04-01 09:30:00.730,20260401,93000730,000009.SZ,866014,2,0,8.99,500
2026-04-01 09:30:00.750,20260401,93000750,000009.SZ,868039,1,0,8.93,2000
2026-04-01 09:30:00.750,20260401,93000750,000009.SZ,869058,2,0,9.69,6700
2026-04-01 09:30:00.770,20260401,93000770,000009.SZ,872658,2,0,9.05,1000
2026-04-01 09:30:00.780,20260401,93000780,000009.SZ,874742,2,0,9.0,500
2026-04-01 09:30:00.780,20260401,93000780,000009.SZ,874809,2,0,8.94,300
2026-04-01 09:30:00.790,20260401,93000790,000009.SZ,875572,2,0,9.08,1000
2026-04-01 09:30:00.800,20260401,93000800,000009.SZ,876345,2,0,9.4,700
2026-04-01 09:30:00.800,20260401,93000800,000009.SZ,876527,2,0,9.15,1000
2026-04-01 09:30:00.820,20260401,93000820,000009.SZ,879131,1,0,8.81,400
2026-04-01 09:30:00.820,20260401,93000820,000009.SZ,880146,1,0,8.93,300
2026-04-01 09:30:00.820,20260401,93000820,000009.SZ,880723,2,0,9.19,3200
2026-04-01 09:30:00.820,20260401,93000820,000009.SZ,880931,1,0,8.9,1000
2026-04-01 09:30:00.830,20260401,93000830,000009.SZ,882416,2,0,9.14,200
2026-04-01 09:30:00.830,20260401,93000830,000009.SZ,883762,1,0,8.95,1000
2026-04-01 09:30:00.830,20260401,93000830,000009.SZ,883902,1,0,8.94,1600
2026-04-01 09:30:00.840,20260401,93000840,000009.SZ,886534,2,0,9.08,500
2026-04-01 09:30:00.850,20260401,93000850,000009.SZ,887527,2,0,9.14,3000
2026-04-01 09:30:00.850,20260401,93000850,000009.SZ,887538,2,0,8.93,1000
2026-04-01 09:30:00.860,20260401,93000860,000009.SZ,889147,2,0,9.4,500
2026-04-01 09:30:00.870,20260401,93000870,000009.SZ,891347,1,0,8.93,800
2026-04-01 09:30:00.890,20260401,93000890,000009.SZ,893566,1,0,8.82,6000
2026-04-01 09:30:00.890,20260401,93000890,000009.SZ,894170,1,0,8.5,300
2026-04-01 09:30:00.890,20260401,93000890,000009.SZ,894930,1,0,8.93,600
2026-04-01 09:30:00.900,20260401,93000900,000009.SZ,895810,2,0,9.05,1600
2026-04-01 09:30:00.910,20260401,93000910,000009.SZ,898001,2,0,9.1,6100
2026-04-01 09:30:00.920,20260401,93000920,000009.SZ,898766,1,0,8.93,3900
2026-04-01 09:30:00.920,20260401,93000920,000009.SZ,899440,2,0,8.95,1800
2026-04-01 09:30:00.920,20260401,93000920,000009.SZ,899450,2,0,9.2,3000
2026-04-01 09:30:00.930,20260401,93000930,000009.SZ,902143,1,0,8.93,4500
2026-04-01 09:30:00.940,20260401,93000940,000009.SZ,902487,2,0,8.99,3000
2026-04-01 09:30:00.940,20260401,93000940,000009.SZ,903912,2,0,8.96,1000
2026-04-01 09:30:00.950,20260401,93000950,000009.SZ,904112,2,0,8.97,3000
2026-04-01 09:30:00.950,20260401,93000950,000009.SZ,904187,2,0,9.06,1000
2026-04-01 09:30:00.950,20260401,93000950,000009.SZ,904502,2,0,9.6,1000
2026-04-01 09:30:00.950,20260401,93000950,000009.SZ,905110,2,0,8.93,1000
2026-04-01 09:30:00.960,20260401,93000960,000009.SZ,906039,2,0,9.1,1000
2026-04-01 09:30:00.960,20260401,93000960,000009.SZ,906722,1,0,8.86,1000
2026-04-01 09:30:00.970,20260401,93000970,000009.SZ,907137,2,0,9.0,2000
2026-04-01 09:30:00.970,20260401,93000970,000009.SZ,907958,2,0,9.69,500
2026-04-01 09:30:00.990,20260401,93000990,000009.SZ,909703,2,0,8.98,2000
2026-04-01 09:30:01.000,20260401,93001000,000009.SZ,911784,1,0,9.09,900
2026-04-01 09:30:01.000,20260401,93001000,000009.SZ,911818,2,0,9.14,4000
2026-04-01 09:30:01.010,20260401,93001010,000009.SZ,913256,1,0,8.83,300
2026-04-01 09:30:01.010,20260401,93001010,000009.SZ,913572,2,0,9.3,600
2026-04-01 09:30:01.020,20260401,93001020,000009.SZ,914650,1,0,8.93,200
2026-04-01 09:30:01.020,20260401,93001020,000009.SZ,914948,1,0,8.94,100
2026-04-01 09:30:01.020,20260401,93001020,000009.SZ,916365,2,0,9.1,1000
2026-04-01 09:30:01.030,20260401,93001030,000009.SZ,917600,2,0,9.26,300
2026-04-01 09:30:01.040,20260401,93001040,000009.SZ,918529,2,0,9.2,200
2026-04-01 09:30:01.040,20260401,93001040,000009.SZ,919042,2,0,9.58,4000
2026-04-01 09:30:01.050,20260401,93001050,000009.SZ,920909,1,0,8.92,10000
2026-04-01 09:30:01.050,20260401,93001050,000009.SZ,921777,2,0,9.2,2000
2026-04-01 09:30:01.060,20260401,93001060,000009.SZ,922837,1,0,8.93,300
2026-04-01 09:30:01.060,20260401,93001060,000009.SZ,922882,1,0,8.7,200
2026-04-01 09:30:01.080,20260401,93001080,000009.SZ,926317,2,0,8.94,100
2026-04-01 09:30:01.090,20260401,93001090,000009.SZ,926552,1,0,8.7,500
2026-04-01 09:30:01.090,20260401,93001090,000009.SZ,926846,1,0,8.93,2000
2026-04-01 09:30:01.090,20260401,93001090,000009.SZ,927856,1,0,8.92,2000
2026-04-01 09:30:01.100,20260401,93001100,000009.SZ,928102,2,0,9.15,1100
2026-04-01 09:30:01.120,20260401,93001120,000009.SZ,930389,2,0,9.1,16000
2026-04-01 09:30:01.120,20260401,93001120,000009.SZ,931411,2,0,9.5,200
2026-04-01 09:30:01.130,20260401,93001130,000009.SZ,931873,1,0,8.94,800
2026-04-01 09:30:01.130,20260401,93001130,000009.SZ,932521,2,0,9.1,9600
2026-04-01 09:30:01.150,20260401,93001150,000009.SZ,935515,2,0,8.93,200
2026-04-01 09:30:01.180,20260401,93001180,000009.SZ,938636,2,0,9.15,1000
2026-04-01 09:30:01.200,20260401,93001200,000009.SZ,941441,1,0,8.94,1800
2026-04-01 09:30:01.210,20260401,93001210,000009.SZ,943193,1,0,8.95,6000
2026-04-01 09:30:01.210,20260401,93001210,000009.SZ,943221,1,0,8.93,100
2026-04-01 09:30:01.230,20260401,93001230,000009.SZ,944799,2,0,8.95,3600
2026-04-01 09:30:01.230,20260401,93001230,000009.SZ,944993,1,0,8.92,5000
2026-04-01 09:30:01.240,20260401,93001240,000009.SZ,946154,1,0,8.92,100
2026-04-01 09:30:01.240,20260401,93001240,000009.SZ,946455,2,0,9.58,4300
2026-04-01 09:30:01.250,20260401,93001250,000009.SZ,947658,2,0,9.69,1100
2026-04-01 09:30:01.310,20260401,93001310,000009.SZ,953348,2,0,9.59,1000
2026-04-01 09:30:01.310,20260401,93001310,000009.SZ,953386,2,0,9.04,1000
2026-04-01 09:30:01.310,20260401,93001310,000009.SZ,953567,2,0,9.3,2000
2026-04-01 09:30:01.310,20260401,93001310,000009.SZ,954138,2,0,9.43,2000
2026-04-01 09:30:01.330,20260401,93001330,000009.SZ,955593,2,0,9.12,1000
2026-04-01 09:30:01.330,20260401,93001330,000009.SZ,956030,2,0,9.6,500
2026-04-01 09:30:01.350,20260401,93001350,000009.SZ,957506,1,0,8.93,1000
2026-04-01 09:30:01.360,20260401,93001360,000009.SZ,959151,2,0,9.64,3300
2026-04-01 09:30:01.360,20260401,93001360,000009.SZ,959217,2,0,8.98,2000
2026-04-01 09:30:01.360,20260401,93001360,000009.SZ,959226,2,0,9.08,1000
2026-04-01 09:30:01.370,20260401,93001370,000009.SZ,960189,2,0,9.12,2500
2026-04-01 09:30:01.390,20260401,93001390,000009.SZ,962146,2,0,9.11,1000
2026-04-01 09:30:01.420,20260401,93001420,000009.SZ,965983,2,0,8.93,2000
2026-04-01 09:30:01.450,20260401,93001450,000009.SZ,970023,1,0,8.8,1000
2026-04-01 09:30:01.460,20260401,93001460,000009.SZ,970962,1,0,8.93,3900
2026-04-01 09:30:01.460,20260401,93001460,000009.SZ,971504,1,0,8.93,900
2026-04-01 09:30:01.470,20260401,93001470,000009.SZ,971791,2,0,9.11,1700
2026-04-01 09:30:01.500,20260401,93001500,000009.SZ,974921,2,0,9.14,500
2026-04-01 09:30:01.520,20260401,93001520,000009.SZ,976757,2,0,9.68,100
2026-04-01 09:30:01.530,20260401,93001530,000009.SZ,978733,2,0,9.03,1000
2026-04-01 09:30:01.530,20260401,93001530,000009.SZ,978768,2,0,9.08,6000
2026-04-01 09:30:01.540,20260401,93001540,000009.SZ,979653,2,0,8.95,100
2026-04-01 09:30:01.550,20260401,93001550,000009.SZ,980644,1,0,8.89,1000
2026-04-01 09:30:01.560,20260401,93001560,000009.SZ,982078,2,0,8.97,2000
2026-04-01 09:30:01.600,20260401,93001600,000009.SZ,986518,1,0,8.93,1000
2026-04-01 09:30:01.600,20260401,93001600,000009.SZ,986654,2,0,9.69,800
2026-04-01 09:30:01.630,20260401,93001630,000009.SZ,988919,2,0,9.13,3000
2026-04-01 09:30:01.640,20260401,93001640,000009.SZ,990276,1,0,8.46,1000
2026-04-01 09:30:01.650,20260401,93001650,000009.SZ,991245,2,0,9.34,300
2026-04-01 09:30:01.650,20260401,93001650,000009.SZ,991528,2,0,9.26,3200
2026-04-01 09:30:01.650,20260401,93001650,000009.SZ,991614,2,0,9.05,600
2026-04-01 09:30:01.660,20260401,93001660,000009.SZ,991729,2,0,9.65,1000
2026-04-01 09:30:01.660,20260401,93001660,000009.SZ,991889,2,0,9.03,1000
2026-04-01 09:30:01.660,20260401,93001660,000009.SZ,992098,2,0,9.68,200
2026-04-01 09:30:01.720,20260401,93001720,000009.SZ,997617,2,0,9.0,500
2026-04-01 09:30:01.720,20260401,93001720,000009.SZ,998222,2,0,9.69,2000
2026-04-01 09:30:01.730,20260401,93001730,000009.SZ,998858,1,0,8.83,19000
2026-04-01 09:30:01.730,20260401,93001730,000009.SZ,999227,2,0,9.05,1000
2026-04-01 09:30:01.740,20260401,93001740,000009.SZ,1000712,2,0,9.18,400
2026-04-01 09:30:01.760,20260401,93001760,000009.SZ,1002381,1,0,8.82,1000
2026-04-01 09:30:01.760,20260401,93001760,000009.SZ,1002399,2,0,9.33,3000
2026-04-01 09:30:01.790,20260401,93001790,000009.SZ,1005016,1,0,8.92,5600
2026-04-01 09:30:01.820,20260401,93001820,000009.SZ,1007282,1,0,8.3,500
2026-04-01 09:30:01.860,20260401,93001860,000009.SZ,1012351,2,0,9.69,3000
2026-04-01 09:30:01.860,20260401,93001860,000009.SZ,1012606,2,0,8.93,800
2026-04-01 09:30:01.870,20260401,93001870,000009.SZ,1013334,1,0,8.0,500
2026-04-01 09:30:01.900,20260401,93001900,000009.SZ,1017709,1,0,8.92,10000
2026-04-01 09:30:01.900,20260401,93001900,000009.SZ,1017790,2,0,9.68,3200
2026-04-01 09:30:01.900,20260401,93001900,000009.SZ,1017884,2,0,9.49,1000
2026-04-01 09:30:01.950,20260401,93001950,000009.SZ,1022571,2,0,8.93,1100
2026-04-01 09:30:01.960,20260401,93001960,000009.SZ,1024066,1,0,8.94,5000
2026-04-01 09:30:01.970,20260401,93001970,000009.SZ,1025017,2,0,9.0,3600
2026-04-01 09:30:01.970,20260401,93001970,000009.SZ,1025156,2,0,9.04,700
2026-04-01 09:30:01.970,20260401,93001970,000009.SZ,1025571,2,0,8.92,700
2026-04-01 09:30:01.980,20260401,93001980,000009.SZ,1026237,2,0,9.05,15000
2026-04-01 09:30:01.980,20260401,93001980,000009.SZ,1026244,2,0,9.08,3700
2026-04-01 09:30:01.990,20260401,93001990,000009.SZ,1027546,2,0,8.99,4000
2026-04-01 09:30:02.010,20260401,93002010,000009.SZ,1028725,1,0,8.92,1000
2026-04-01 09:30:02.020,20260401,93002020,000009.SZ,1029610,1,0,8.78,1000
2026-04-01 09:30:02.030,20260401,93002030,000009.SZ,1031093,2,0,9.65,1000
2026-04-01 09:30:02.030,20260401,93002030,000009.SZ,1031718,2,0,9.21,900
2026-04-01 09:30:02.030,20260401,93002030,000009.SZ,1031935,2,0,9.52,3000
2026-04-01 09:30:02.030,20260401,93002030,000009.SZ,1032186,2,0,9.13,2200
2026-04-01 09:30:02.040,20260401,93002040,000009.SZ,1032690,1,0,8.93,5000
2026-04-01 09:30:02.040,20260401,93002040,000009.SZ,1033405,1,0,8.94,1000
2026-04-01 09:30:02.050,20260401,93002050,000009.SZ,1033877,2,0,9.69,55200
2026-04-01 09:30:02.060,20260401,93002060,000009.SZ,1035039,2,0,8.93,9100
2026-04-01 09:30:02.060,20260401,93002060,000009.SZ,1035607,2,0,9.69,5000
2026-04-01 09:30:02.070,20260401,93002070,000009.SZ,1036436,1,0,8.93,500
2026-04-01 09:30:02.070,20260401,93002070,000009.SZ,1036543,2,0,9.3,1500
2026-04-01 09:30:02.070,20260401,93002070,000009.SZ,1036785,1,0,8.91,1000
2026-04-01 09:30:02.080,20260401,93002080,000009.SZ,1037266,1,0,8.85,5000
2026-04-01 09:30:02.080,20260401,93002080,000009.SZ,1037712,1,0,8.94,1800
2026-04-01 09:30:02.090,20260401,93002090,000009.SZ,1039212,1,0,8.93,1000
2026-04-01 09:30:02.100,20260401,93002100,000009.SZ,1039718,1,0,8.94,600
2026-04-01 09:30:02.110,20260401,93002110,000009.SZ,1040526,2,0,9.0,100
2026-04-01 09:30:02.120,20260401,93002120,000009.SZ,1041555,2,0,8.98,100
2026-04-01 09:30:02.140,20260401,93002140,000009.SZ,1043137,2,0,9.3,8400
2026-04-01 09:30:02.160,20260401,93002160,000009.SZ,1045089,2,0,9.69,5000
2026-04-01 09:30:02.170,20260401,93002170,000009.SZ,1046681,1,0,8.93,500
2026-04-01 09:30:02.180,20260401,93002180,000009.SZ,1047443,2,0,9.05,400
2026-04-01 09:30:02.190,20260401,93002190,000009.SZ,1048196,1,0,8.93,900
2026-04-01 09:30:02.190,20260401,93002190,000009.SZ,1048644,2,0,9.68,1000
2026-04-01 09:30:02.210,20260401,93002210,000009.SZ,1050636,2,0,9.03,4000
2026-04-01 09:30:02.250,20260401,93002250,000009.SZ,1054016,2,0,8.99,500
2026-04-01 09:30:02.270,20260401,93002270,000009.SZ,1055228,1,0,8.93,10000
2026-04-01 09:30:02.280,20260401,93002280,000009.SZ,1056214,2,0,9.69,1000
2026-04-01 09:30:02.320,20260401,93002320,000009.SZ,1058187,2,0,9.15,1000
2026-04-01 09:30:02.360,20260401,93002360,000009.SZ,1061138,1,0,8.78,500
2026-04-01 09:30:02.370,20260401,93002370,000009.SZ,1062376,2,0,9.5,200
2026-04-01 09:30:02.370,20260401,93002370,000009.SZ,1062772,2,0,9.57,3300
2026-04-01 09:30:02.410,20260401,93002410,000009.SZ,1065812,2,0,9.22,1000
2026-04-01 09:30:02.420,20260401,93002420,000009.SZ,1066294,2,0,8.93,200
2026-04-01 09:30:02.420,20260401,93002420,000009.SZ,1066317,1,0,8.93,1100
2026-04-01 09:30:02.420,20260401,93002420,000009.SZ,1066618,2,0,9.05,5700
2026-04-01 09:30:02.450,20260401,93002450,000009.SZ,1068823,2,0,9.69,2000
2026-04-01 09:30:02.470,20260401,93002470,000009.SZ,1070830,1,0,8.91,3000
2026-04-01 09:30:02.480,20260401,93002480,000009.SZ,1071437,2,0,9.03,6600
2026-04-01 09:30:02.490,20260401,93002490,000009.SZ,1072478,1,0,8.91,1100
2026-04-01 09:30:02.550,20260401,93002550,000009.SZ,1077361,1,0,8.93,10300
2026-04-01 09:30:02.580,20260401,93002580,000009.SZ,1080681,1,0,8.94,1800
2026-04-01 09:30:02.590,20260401,93002590,000009.SZ,1081280,2,0,8.94,300
2026-04-01 09:30:02.590,20260401,93002590,000009.SZ,1081543,2,0,9.55,200
2026-04-01 09:30:02.590,20260401,93002590,000009.SZ,1081722,1,0,8.93,2000
2026-04-01 09:30:02.640,20260401,93002640,000009.SZ,1084612,1,0,8.93,500
2026-04-01 09:30:02.650,20260401,93002650,000009.SZ,1085234,2,0,9.12,1100
2026-04-01 09:30:02.700,20260401,93002700,000009.SZ,1088535,2,0,9.14,2000
2026-04-01 09:30:02.710,20260401,93002710,000009.SZ,1089353,2,0,9.15,1000
2026-04-01 09:30:02.710,20260401,93002710,000009.SZ,1089462,2,0,9.22,5000
2026-04-01 09:30:02.730,20260401,93002730,000009.SZ,1090811,1,0,8.93,400
2026-04-01 09:30:02.740,20260401,93002740,000009.SZ,1091154,1,0,8.94,2700
2026-04-01 09:30:02.760,20260401,93002760,000009.SZ,1092480,2,0,8.92,800
2026-04-01 09:30:02.780,20260401,93002780,000009.SZ,1093831,2,0,9.01,6000
2026-04-01 09:30:02.790,20260401,93002790,000009.SZ,1094328,1,0,8.93,2900
2026-04-01 09:30:02.790,20260401,93002790,000009.SZ,1094447,1,0,8.93,400
2026-04-01 09:30:02.790,20260401,93002790,000009.SZ,1094454,1,0,8.93,1100
2026-04-01 09:30:02.790,20260401,93002790,000009.SZ,1094473,1,0,8.93,2900
2026-04-01 09:30:02.790,20260401,93002790,000009.SZ,1094479,1,0,8.93,2900
2026-04-01 09:30:02.790,20260401,93002790,000009.SZ,1094525,1,0,8.93,1400
2026-04-01 09:30:02.830,20260401,93002830,000009.SZ,1097128,1,0,8.92,500
2026-04-01 09:30:02.830,20260401,93002830,000009.SZ,1097235,2,0,9.16,4000
2026-04-01 09:30:02.860,20260401,93002860,000009.SZ,1099608,2,0,9.69,200
2026-04-01 09:30:02.860,20260401,93002860,000009.SZ,1100229,1,0,8.93,2000
2026-04-01 09:30:02.890,20260401,93002890,000009.SZ,1102765,1,0,8.93,300
2026-04-01 09:30:02.900,20260401,93002900,000009.SZ,1103571,2,0,9.0,1000
2026-04-01 09:30:02.930,20260401,93002930,000009.SZ,1106336,2,0,9.15,1000
2026-04-01 09:30:02.930,20260401,93002930,000009.SZ,1106373,1,0,8.92,500
2026-04-01 09:30:02.930,20260401,93002930,000009.SZ,1106894,1,0,8.93,200
2026-04-01 09:30:02.940,20260401,93002940,000009.SZ,1107496,2,0,9.08,3000
2026-04-01 09:30:02.950,20260401,93002950,000009.SZ,1107897,1,0,8.93,1200
2026-04-01 09:30:02.950,20260401,93002950,000009.SZ,1108136,2,1,0.0,300
2026-04-01 09:30:02.980,20260401,93002980,000009.SZ,1110510,1,0,8.94,100
2026-04-01 09:30:02.990,20260401,93002990,000009.SZ,1111462,2,0,8.97,600
2026-04-01 09:30:03.000,20260401,93003000,000009.SZ,1111972,1,0,8.93,5000
2026-04-01 09:30:03.020,20260401,93003020,000009.SZ,1113667,2,0,9.19,2600
2026-04-01 09:30:03.040,20260401,93003040,000009.SZ,1115998,1,0,8.93,1200
2026-04-01 09:30:03.040,20260401,93003040,000009.SZ,1116238,2,0,9.18,500
2026-04-01 09:30:03.050,20260401,93003050,000009.SZ,1116442,1,0,8.8,500
2026-04-01 09:30:03.060,20260401,93003060,000009.SZ,1117447,2,0,9.0,500
2026-04-01 09:30:03.070,20260401,93003070,000009.SZ,1117778,2,0,9.3,4300
2026-04-01 09:30:03.080,20260401,93003080,000009.SZ,1118241,1,0,8.94,100
2026-04-01 09:30:03.100,20260401,93003100,000009.SZ,1120036,1,0,8.94,500
2026-04-01 09:30:03.110,20260401,93003110,000009.SZ,1121160,2,0,8.97,7700
2026-04-01 09:30:03.110,20260401,93003110,000009.SZ,1121687,2,0,8.96,8000
2026-04-01 09:30:03.120,20260401,93003120,000009.SZ,1121818,2,0,9.2,10000
2026-04-01 09:30:03.120,20260401,93003120,000009.SZ,1121858,1,0,8.94,100
2026-04-01 09:30:03.120,20260401,93003120,000009.SZ,1121985,2,0,9.03,2000
2026-04-01 09:30:03.150,20260401,93003150,000009.SZ,1124772,2,0,8.94,1600
2026-04-01 09:30:03.150,20260401,93003150,000009.SZ,1125219,1,0,8.94,10600
2026-04-01 09:30:03.160,20260401,93003160,000009.SZ,1125765,1,0,8.96,200
2026-04-01 09:30:03.160,20260401,93003160,000009.SZ,1126143,1,0,8.92,5000
2026-04-01 09:30:03.170,20260401,93003170,000009.SZ,1126590,2,0,9.45,5100
2026-04-01 09:30:03.170,20260401,93003170,000009.SZ,1126676,2,0,9.28,3000
2026-04-01 09:30:03.170,20260401,93003170,000009.SZ,1126680,1,0,8.95,10000
2026-04-01 09:30:03.190,20260401,93003190,000009.SZ,1129227,2,0,8.98,2000
2026-04-01 09:30:03.210,20260401,93003210,000009.SZ,1130972,1,0,8.96,100
2026-04-01 09:30:03.220,20260401,93003220,000009.SZ,1131284,2,0,9.39,1300
2026-04-01 09:30:03.260,20260401,93003260,000009.SZ,1133727,2,0,9.19,5000
2026-04-01 09:30:03.280,20260401,93003280,000009.SZ,1135260,2,0,9.35,600
2026-04-01 09:30:03.280,20260401,93003280,000009.SZ,1135593,1,0,8.86,2500
2026-04-01 09:30:03.310,20260401,93003310,000009.SZ,1137430,1,0,8.92,100
2026-04-01 09:30:03.320,20260401,93003320,000009.SZ,1138288,1,0,8.82,1200
2026-04-01 09:30:03.360,20260401,93003360,000009.SZ,1142437,2,0,9.18,2500
2026-04-01 09:30:03.360,20260401,93003360,000009.SZ,1142757,2,0,9.69,100
2026-04-01 09:30:03.390,20260401,93003390,000009.SZ,1145904,2,0,8.97,2000
2026-04-01 09:30:03.400,20260401,93003400,000009.SZ,1146901,1,0,8.98,100
2026-04-01 09:30:03.410,20260401,93003410,000009.SZ,1147411,2,0,9.43,1900
2026-04-01 09:30:03.410,20260401,93003410,000009.SZ,1147426,2,0,9.69,100
2026-04-01 09:30:03.450,20260401,93003450,000009.SZ,1150888,1,0,8.92,300
2026-04-01 09:30:03.470,20260401,93003470,000009.SZ,1152674,2,0,9.69,5000
2026-04-01 09:30:03.500,20260401,93003500,000009.SZ,1154757,2,0,9.18,4600
2026-04-01 09:30:03.530,20260401,93003530,000009.SZ,1156875,2,0,9.13,3000
2026-04-01 09:30:03.530,20260401,93003530,000009.SZ,1157102,1,0,8.93,1000
2026-04-01 09:30:03.550,20260401,93003550,000009.SZ,1158269,2,0,9.15,2000
2026-04-01 09:30:03.560,20260401,93003560,000009.SZ,1159409,2,0,9.01,3000
2026-04-01 09:30:03.590,20260401,93003590,000009.SZ,1161720,2,0,8.98,2000
2026-04-01 09:30:03.600,20260401,93003600,000009.SZ,1162319,2,0,9.03,200
2026-04-01 09:30:03.610,20260401,93003610,000009.SZ,1163167,2,0,9.2,500
2026-04-01 09:30:03.680,20260401,93003680,000009.SZ,1167986,2,0,9.4,500
2026-04-01 09:30:03.680,20260401,93003680,000009.SZ,1168012,2,0,9.6,500
2026-04-01 09:30:03.810,20260401,93003810,000009.SZ,1176791,2,0,9.03,1000
2026-04-01 09:30:03.810,20260401,93003810,000009.SZ,1176986,2,0,9.25,500
2026-04-01 09:30:03.820,20260401,93003820,000009.SZ,1177434,1,0,8.85,600
2026-04-01 09:30:03.820,20260401,93003820,000009.SZ,1177436,2,0,9.05,1000
2026-04-01 09:30:03.820,20260401,93003820,000009.SZ,1177457,2,0,9.4,500
2026-04-01 09:30:03.870,20260401,93003870,000009.SZ,1181229,2,0,9.1,1000
2026-04-01 09:30:03.890,20260401,93003890,000009.SZ,1182685,2,0,9.12,1700
2026-04-01 09:30:03.900,20260401,93003900,000009.SZ,1183665,1,0,8.7,800
2026-04-01 09:30:03.930,20260401,93003930,000009.SZ,1186084,1,0,8.91,5000
2026-04-01 09:30:03.930,20260401,93003930,000009.SZ,1186171,2,0,8.96,9700
2026-04-01 09:30:03.990,20260401,93003990,000009.SZ,1189043,2,0,9.0,500
2026-04-01 09:30:03.990,20260401,93003990,000009.SZ,1189080,2,0,9.69,156900
2026-04-01 09:30:04.030,20260401,93004030,000009.SZ,1191961,2,0,8.95,600
2026-04-01 09:30:04.040,20260401,93004040,000009.SZ,1192470,2,0,9.0,17500
2026-04-01 09:30:04.080,20260401,93004080,000009.SZ,1194582,2,0,8.95,6200
2026-04-01 09:30:04.090,20260401,93004090,000009.SZ,1195292,1,0,8.94,200
2026-04-01 09:30:04.090,20260401,93004090,000009.SZ,1195301,1,0,8.94,100
2026-04-01 09:30:04.100,20260401,93004100,000009.SZ,1196270,2,0,9.69,1300
2026-04-01 09:30:04.140,20260401,93004140,000009.SZ,1198706,2,0,9.0,1000
2026-04-01 09:30:04.160,20260401,93004160,000009.SZ,1200564,2,0,9.69,3000
2026-04-01 09:30:04.160,20260401,93004160,000009.SZ,1200620,2,0,9.29,1000
2026-04-01 09:30:04.170,20260401,93004170,000009.SZ,1201322,2,0,8.97,100
2026-04-01 09:30:04.180,20260401,93004180,000009.SZ,1202017,2,1,0.0,600
2026-04-01 09:30:04.180,20260401,93004180,000009.SZ,1202085,1,0,8.75,1000
2026-04-01 09:30:04.270,20260401,93004270,000009.SZ,1207674,2,0,8.95,7100
2026-04-01 09:30:04.330,20260401,93004330,000009.SZ,1210755,1,0,8.93,1000
2026-04-01 09:30:04.360,20260401,93004360,000009.SZ,1212625,1,0,8.93,5000
2026-04-01 09:30:04.370,20260401,93004370,000009.SZ,1213302,1,0,8.94,1700
2026-04-01 09:30:04.430,20260401,93004430,000009.SZ,1217120,2,0,9.2,6000
2026-04-01 09:30:04.450,20260401,93004450,000009.SZ,1218790,2,0,9.01,500
2026-04-01 09:30:04.500,20260401,93004500,000009.SZ,1221793,2,0,9.69,400
2026-04-01 09:30:04.510,20260401,93004510,000009.SZ,1222339,1,0,8.77,500
2026-04-01 09:30:04.520,20260401,93004520,000009.SZ,1223051,2,0,9.15,1500
2026-04-01 09:30:04.640,20260401,93004640,000009.SZ,1230181,1,0,8.85,1100
2026-04-01 09:30:04.670,20260401,93004670,000009.SZ,1231050,2,0,9.15,600
2026-04-01 09:30:04.680,20260401,93004680,000009.SZ,1231324,2,0,8.95,300
2026-04-01 09:30:04.700,20260401,93004700,000009.SZ,1233002,2,0,9.69,100
2026-04-01 09:30:04.740,20260401,93004740,000009.SZ,1235995,2,0,8.98,1000
2026-04-01 09:30:04.920,20260401,93004920,000009.SZ,1246664,2,0,8.95,6500
2026-04-01 09:30:04.990,20260401,93004990,000009.SZ,1249457,2,0,9.4,1900
2026-04-01 09:30:05.020,20260401,93005020,000009.SZ,1251240,2,0,9.35,1000
2026-04-01 09:30:05.030,20260401,93005030,000009.SZ,1251573,2,0,9.25,1000
2026-04-01 09:30:05.050,20260401,93005050,000009.SZ,1252482,2,0,9.42,19300
2026-04-01 09:30:05.070,20260401,93005070,000009.SZ,1253020,2,0,8.93,1000
2026-04-01 09:30:05.070,20260401,93005070,000009.SZ,1253045,1,0,8.93,2000
2026-04-01 09:30:05.080,20260401,93005080,000009.SZ,1253624,1,0,8.94,100
2026-04-01 09:30:05.090,20260401,93005090,000009.SZ,1254051,1,0,8.93,1000
2026-04-01 09:30:05.120,20260401,93005120,000009.SZ,1255761,2,0,8.92,1900
2026-04-01 09:30:05.150,20260401,93005150,000009.SZ,1257105,2,0,9.65,1000
2026-04-01 09:30:05.160,20260401,93005160,000009.SZ,1258215,1,0,8.87,200
2026-04-01 09:30:05.180,20260401,93005180,000009.SZ,1259128,1,0,8.93,1200
2026-04-01 09:30:05.280,20260401,93005280,000009.SZ,1263615,2,0,9.44,19400
2026-04-01 09:30:05.280,20260401,93005280,000009.SZ,1263634,2,0,8.99,400
2026-04-01 09:30:05.310,20260401,93005310,000009.SZ,1264641,2,0,9.06,1000
2026-04-01 09:30:05.310,20260401,93005310,000009.SZ,1264817,2,0,9.69,200
2026-04-01 09:30:05.340,20260401,93005340,000009.SZ,1265747,1,0,8.83,200
2026-04-01 09:30:05.370,20260401,93005370,000009.SZ,1266805,1,0,8.85,3000
2026-04-01 09:30:05.420,20260401,93005420,000009.SZ,1268577,2,0,9.69,200
2026-04-01 09:30:05.440,20260401,93005440,000009.SZ,1269466,2,0,8.98,400
2026-04-01 09:30:05.460,20260401,93005460,000009.SZ,1270246,2,0,9.2,500
2026-04-01 09:30:05.480,20260401,93005480,000009.SZ,1270722,2,0,9.3,1500
2026-04-01 09:30:05.490,20260401,93005490,000009.SZ,1271340,2,0,9.3,500
2026-04-01 09:30:05.490,20260401,93005490,000009.SZ,1271399,1,0,8.85,1000
2026-04-01 09:30:05.490,20260401,93005490,000009.SZ,1271636,2,0,8.93,1000
2026-04-01 09:30:05.520,20260401,93005520,000009.SZ,1272615,1,0,8.93,500
2026-04-01 09:30:05.550,20260401,93005550,000009.SZ,1273660,1,0,8.95,400
2026-04-01 09:30:05.630,20260401,93005630,000009.SZ,1276189,1,1,0.0,100
2026-04-01 09:30:05.770,20260401,93005770,000009.SZ,1280115,1,0,8.93,7500
2026-04-01 09:30:05.770,20260401,93005770,000009.SZ,1280577,2,0,9.69,1900
2026-04-01 09:30:05.860,20260401,93005860,000009.SZ,1283162,2,0,9.03,6500
2026-04-01 09:30:05.870,20260401,93005870,000009.SZ,1283391,2,0,9.22,1000
2026-04-01 09:30:05.910,20260401,93005910,000009.SZ,1285622,2,0,9.13,1500
2026-04-01 09:30:05.930,20260401,93005930,000009.SZ,1286745,2,0,8.9,500
2026-04-01 09:30:05.950,20260401,93005950,000009.SZ,1287710,2,0,9.05,200
2026-04-01 09:30:06.000,20260401,93006000,000009.SZ,1289061,1,0,8.93,500
2026-04-01 09:30:06.010,20260401,93006010,000009.SZ,1289522,2,0,9.16,1000
2026-04-01 09:30:06.090,20260401,93006090,000009.SZ,1292307,2,0,9.68,700
2026-04-01 09:30:06.090,20260401,93006090,000009.SZ,1292882,2,0,8.93,1000
2026-04-01 09:30:06.100,20260401,93006100,000009.SZ,1293118,1,0,8.93,100
2026-04-01 09:30:06.100,20260401,93006100,000009.SZ,1293153,2,0,8.92,400
2026-04-01 09:30:06.110,20260401,93006110,000009.SZ,1293566,1,0,8.95,200
2026-04-01 09:30:06.130,20260401,93006130,000009.SZ,1294634,2,0,9.1,20000
2026-04-01 09:30:06.150,20260401,93006150,000009.SZ,1295192,1,0,8.85,1300
2026-04-01 09:30:06.280,20260401,93006280,000009.SZ,1299524,2,0,8.93,1000
2026-04-01 09:30:06.290,20260401,93006290,000009.SZ,1300039,1,0,8.9,300
2026-04-01 09:30:06.300,20260401,93006300,000009.SZ,1300544,2,0,8.95,500
2026-04-01 09:30:06.300,20260401,93006300,000009.SZ,1300546,2,0,8.95,800
2026-04-01 09:30:06.300,20260401,93006300,000009.SZ,1300549,2,0,8.95,600
2026-04-01 09:30:06.300,20260401,93006300,000009.SZ,1300552,2,0,8.95,2200
2026-04-01 09:30:06.320,20260401,93006320,000009.SZ,1302309,2,0,8.95,11200
2026-04-01 09:30:06.340,20260401,93006340,000009.SZ,1303795,2,0,8.96,200
2026-04-01 09:30:06.400,20260401,93006400,000009.SZ,1306895,2,0,8.92,100
2026-04-01 09:30:06.480,20260401,93006480,000009.SZ,1311333,2,0,8.96,200
2026-04-01 09:30:06.480,20260401,93006480,000009.SZ,1311348,2,0,8.96,200
2026-04-01 09:30:06.480,20260401,93006480,000009.SZ,1311360,2,0,8.96,200
2026-04-01 09:30:06.520,20260401,93006520,000009.SZ,1313183,2,0,9.13,6000
2026-04-01 09:30:06.750,20260401,93006750,000009.SZ,1322656,2,0,8.96,100
2026-04-01 09:30:06.780,20260401,93006780,000009.SZ,1323510,2,0,9.01,1200
2026-04-01 09:30:06.840,20260401,93006840,000009.SZ,1326139,2,0,9.69,200
