timestamp,date,stamp,code,order_no,bs_flag,order_type,order_price,order_volume
2026-03-24 09:15:00.040,20260324,91500040,000009.SZ,1172,2,0,9.43,1000
2026-03-24 09:15:00.040,20260324,91500040,000009.SZ,1544,2,0,8.58,300
2026-03-24 09:15:00.040,20260324,91500040,000009.SZ,2243,2,0,8.99,100
2026-03-24 09:15:00.040,20260324,91500040,000009.SZ,2594,1,0,8.5,600
2026-03-24 09:15:00.050,20260324,91500050,000009.SZ,5213,1,0,8.44,1500
2026-03-24 09:15:00.050,20260324,91500050,000009.SZ,6585,2,0,9.3,5000
2026-03-24 09:15:00.050,20260324,91500050,000009.SZ,6631,1,0,7.79,100
2026-03-24 09:15:00.060,20260324,91500060,000009.SZ,7738,1,0,8.45,100
2026-03-24 09:15:00.060,20260324,91500060,000009.SZ,7780,1,0,8.45,100
2026-03-24 09:15:00.060,20260324,91500060,000009.SZ,7822,2,0,9.4,400
2026-03-24 09:15:00.060,20260324,91500060,000009.SZ,8178,2,0,9.16,600
2026-03-24 09:15:00.060,20260324,91500060,000009.SZ,8518,2,0,9.09,1500
2026-03-24 09:15:00.060,20260324,91500060,000009.SZ,8547,1,0,8.15,5000
2026-03-24 09:15:00.060,20260324,91500060,000009.SZ,8596,2,0,9.41,1000
2026-03-24 09:15:00.060,20260324,91500060,000009.SZ,8922,2,0,9.4,1800
2026-03-24 09:15:00.060,20260324,91500060,000009.SZ,9172,2,0,9.43,100
2026-03-24 09:15:00.060,20260324,91500060,000009.SZ,9435,2,0,9.43,100
2026-03-24 09:15:00.060,20260324,91500060,000009.SZ,9538,2,0,9.39,100
2026-03-24 09:15:00.060,20260324,91500060,000009.SZ,9541,2,0,9.29,100
2026-03-24 09:15:00.060,20260324,91500060,000009.SZ,10862,2,0,8.57,1000
2026-03-24 09:15:00.070,20260324,91500070,000009.SZ,11637,1,0,8.21,800
2026-03-24 09:15:00.070,20260324,91500070,000009.SZ,12224,2,0,9.42,300
2026-03-24 09:15:00.070,20260324,91500070,000009.SZ,12331,1,0,7.71,20000
2026-03-24 09:15:00.070,20260324,91500070,000009.SZ,12376,2,0,9.43,6000
2026-03-24 09:15:00.070,20260324,91500070,000009.SZ,12730,2,0,9.06,900
2026-03-24 09:15:00.070,20260324,91500070,000009.SZ,13892,2,0,9.09,1000
2026-03-24 09:15:00.070,20260324,91500070,000009.SZ,14032,2,0,8.87,1000
2026-03-24 09:15:00.070,20260324,91500070,000009.SZ,14034,2,0,9.07,2000
2026-03-24 09:15:00.070,20260324,91500070,000009.SZ,14738,2,0,9.42,3000
2026-03-24 09:15:00.070,20260324,91500070,000009.SZ,14739,2,0,9.07,6400
2026-03-24 09:15:00.070,20260324,91500070,000009.SZ,15290,1,0,8.0,200
2026-03-24 09:15:00.080,20260324,91500080,000009.SZ,15778,2,0,9.2,500
2026-03-24 09:15:00.080,20260324,91500080,000009.SZ,16708,2,0,7.72,100
2026-03-24 09:15:00.080,20260324,91500080,000009.SZ,16709,1,0,8.2,1000
2026-03-24 09:15:00.080,20260324,91500080,000009.SZ,18379,2,0,8.9,800
2026-03-24 09:15:00.090,20260324,91500090,000009.SZ,18644,2,0,9.3,1000
2026-03-24 09:15:00.090,20260324,91500090,000009.SZ,18875,2,0,9.33,300
2026-03-24 09:15:00.090,20260324,91500090,000009.SZ,19444,1,0,8.0,100
2026-03-24 09:15:00.090,20260324,91500090,000009.SZ,19476,2,0,9.43,200
2026-03-24 09:15:00.090,20260324,91500090,000009.SZ,20028,1,0,8.3,100
2026-03-24 09:15:00.090,20260324,91500090,000009.SZ,20611,2,0,9.3,2000
2026-03-24 09:15:00.090,20260324,91500090,000009.SZ,20656,2,0,8.96,5300
2026-03-24 09:15:00.090,20260324,91500090,000009.SZ,21546,1,0,8.27,500
2026-03-24 09:15:00.090,20260324,91500090,000009.SZ,21605,2,0,9.35,2000
2026-03-24 09:15:00.100,20260324,91500100,000009.SZ,22099,2,0,8.88,500
2026-03-24 09:15:00.100,20260324,91500100,000009.SZ,22100,2,0,9.06,1000
2026-03-24 09:15:00.100,20260324,91500100,000009.SZ,22385,2,0,9.43,5500
2026-03-24 09:15:00.100,20260324,91500100,000009.SZ,23025,1,0,8.22,4000
2026-03-24 09:15:00.100,20260324,91500100,000009.SZ,23227,2,0,9.43,1000
2026-03-24 09:15:00.100,20260324,91500100,000009.SZ,23852,2,0,9.2,6000
2026-03-24 09:15:00.100,20260324,91500100,000009.SZ,23979,1,0,8.18,300
2026-03-24 09:15:00.100,20260324,91500100,000009.SZ,24044,2,0,9.42,5000
2026-03-24 09:15:00.100,20260324,91500100,000009.SZ,25059,2,0,9.39,600
2026-03-24 09:15:00.110,20260324,91500110,000009.SZ,25262,2,0,8.82,3000
2026-03-24 09:15:00.110,20260324,91500110,000009.SZ,25320,1,0,8.01,1000
2026-03-24 09:15:00.110,20260324,91500110,000009.SZ,26128,2,0,8.65,1000
2026-03-24 09:15:00.110,20260324,91500110,000009.SZ,26592,2,0,9.43,2000
2026-03-24 09:15:00.110,20260324,91500110,000009.SZ,27389,2,0,9.4,1100
2026-03-24 09:15:00.110,20260324,91500110,000009.SZ,27882,2,0,8.78,3000
2026-03-24 09:15:00.110,20260324,91500110,000009.SZ,28032,1,0,8.0,800
2026-03-24 09:15:00.110,20260324,91500110,000009.SZ,28418,2,0,9.25,400
2026-03-24 09:15:00.110,20260324,91500110,000009.SZ,29139,1,0,8.0,5000
2026-03-24 09:15:00.120,20260324,91500120,000009.SZ,29897,1,0,8.34,100
2026-03-24 09:15:00.120,20260324,91500120,000009.SZ,30650,2,0,8.55,1500
2026-03-24 09:15:00.120,20260324,91500120,000009.SZ,30943,2,0,9.43,20000
2026-03-24 09:15:00.120,20260324,91500120,000009.SZ,30947,2,0,9.0,1000
2026-03-24 09:15:00.120,20260324,91500120,000009.SZ,30948,2,0,9.43,2600
2026-03-24 09:15:00.120,20260324,91500120,000009.SZ,30949,2,0,9.1,1000
2026-03-24 09:15:00.120,20260324,91500120,000009.SZ,30950,2,0,9.2,1000
2026-03-24 09:15:00.120,20260324,91500120,000009.SZ,30951,2,0,9.43,10000
2026-03-24 09:15:00.120,20260324,91500120,000009.SZ,31054,2,0,9.19,5900
2026-03-24 09:15:00.120,20260324,91500120,000009.SZ,31055,2,0,9.29,6000
2026-03-24 09:15:00.120,20260324,91500120,000009.SZ,31056,2,0,9.39,10000
2026-03-24 09:15:00.120,20260324,91500120,000009.SZ,31057,2,0,9.43,2000
2026-03-24 09:15:00.120,20260324,91500120,000009.SZ,31130,1,0,8.58,100
2026-03-24 09:15:00.120,20260324,91500120,000009.SZ,32240,2,0,9.19,10000
2026-03-24 09:15:00.120,20260324,91500120,000009.SZ,32241,2,0,9.29,10000
2026-03-24 09:15:00.120,20260324,91500120,000009.SZ,32242,2,0,9.39,10000
2026-03-24 09:15:00.120,20260324,91500120,000009.SZ,32243,2,0,9.43,2000
2026-03-24 09:15:00.120,20260324,91500120,000009.SZ,32251,2,0,9.29,12000
2026-03-24 09:15:00.120,20260324,91500120,000009.SZ,32252,2,0,9.43,20000
2026-03-24 09:15:00.120,20260324,91500120,000009.SZ,32647,1,0,8.57,2600
2026-03-24 09:15:00.130,20260324,91500130,000009.SZ,32850,2,0,9.43,200
2026-03-24 09:15:00.130,20260324,91500130,000009.SZ,33073,2,0,8.7,5800
2026-03-24 09:15:00.130,20260324,91500130,000009.SZ,34067,2,0,9.2,1000
2026-03-24 09:15:00.130,20260324,91500130,000009.SZ,35626,2,0,9.36,1000
2026-03-24 09:15:00.140,20260324,91500140,000009.SZ,36136,2,0,8.96,200
2026-03-24 09:15:00.140,20260324,91500140,000009.SZ,36162,2,0,8.57,100
2026-03-24 09:15:00.140,20260324,91500140,000009.SZ,36737,2,0,8.85,900
2026-03-24 09:15:00.140,20260324,91500140,000009.SZ,36738,2,0,9.43,900
2026-03-24 09:15:00.140,20260324,91500140,000009.SZ,37951,2,0,9.43,400
2026-03-24 09:15:00.140,20260324,91500140,000009.SZ,38154,2,0,9.34,5900
2026-03-24 09:15:00.140,20260324,91500140,000009.SZ,38162,2,0,9.2,100
2026-03-24 09:15:00.140,20260324,91500140,000009.SZ,38213,1,0,8.59,500
2026-03-24 09:15:00.140,20260324,91500140,000009.SZ,38710,2,0,9.25,300
2026-03-24 09:15:00.140,20260324,91500140,000009.SZ,39081,2,0,9.0,700
2026-03-24 09:15:00.150,20260324,91500150,000009.SZ,39242,1,0,8.03,1500
2026-03-24 09:15:00.150,20260324,91500150,000009.SZ,39471,2,0,9.4,1000
2026-03-24 09:15:00.150,20260324,91500150,000009.SZ,40157,2,0,9.43,5000
2026-03-24 09:15:00.150,20260324,91500150,000009.SZ,40713,2,0,9.29,10000
2026-03-24 09:15:00.150,20260324,91500150,000009.SZ,40714,2,0,9.43,20000
2026-03-24 09:15:00.150,20260324,91500150,000009.SZ,40835,2,0,9.19,10000
2026-03-24 09:15:00.150,20260324,91500150,000009.SZ,40836,2,0,9.29,10000
2026-03-24 09:15:00.150,20260324,91500150,000009.SZ,40837,2,0,9.43,10000
2026-03-24 09:15:00.150,20260324,91500150,000009.SZ,40859,2,0,9.03,3000
2026-03-24 09:15:00.150,20260324,91500150,000009.SZ,41259,2,0,9.0,100
2026-03-24 09:15:00.150,20260324,91500150,000009.SZ,41465,2,0,9.4,500
2026-03-24 09:15:00.150,20260324,91500150,000009.SZ,42204,2,0,8.99,13900
2026-03-24 09:15:00.160,20260324,91500160,000009.SZ,42759,2,0,9.11,600
2026-03-24 09:15:00.160,20260324,91500160,000009.SZ,43631,2,0,9.3,4500
2026-03-24 09:15:00.160,20260324,91500160,000009.SZ,44079,2,0,9.43,1100
2026-03-24 09:15:00.160,20260324,91500160,000009.SZ,44933,2,0,9.43,2000
2026-03-24 09:15:00.170,20260324,91500170,000009.SZ,45838,1,0,8.47,400
2026-03-24 09:15:00.170,20260324,91500170,000009.SZ,46524,2,0,9.02,5000
2026-03-24 09:15:00.180,20260324,91500180,000009.SZ,48203,2,0,9.4,600
2026-03-24 09:15:00.180,20260324,91500180,000009.SZ,48910,2,0,8.98,5000
2026-03-24 09:15:00.180,20260324,91500180,000009.SZ,49074,2,0,9.08,5000
2026-03-24 09:15:00.180,20260324,91500180,000009.SZ,49279,2,0,9.18,5000
2026-03-24 09:15:00.180,20260324,91500180,000009.SZ,49280,2,0,9.18,5000
2026-03-24 09:15:00.180,20260324,91500180,000009.SZ,49281,2,0,9.28,5000
2026-03-24 09:15:00.180,20260324,91500180,000009.SZ,49385,2,0,9.38,5000
2026-03-24 09:15:00.180,20260324,91500180,000009.SZ,49414,2,0,9.43,10000
2026-03-24 09:15:00.180,20260324,91500180,000009.SZ,49965,2,0,9.17,4000
2026-03-24 09:15:00.180,20260324,91500180,000009.SZ,50002,1,0,8.28,1000
2026-03-24 09:15:00.180,20260324,91500180,000009.SZ,50625,1,0,8.52,2800
2026-03-24 09:15:00.190,20260324,91500190,000009.SZ,51446,2,0,9.4,500
2026-03-24 09:15:00.190,20260324,91500190,000009.SZ,52030,2,0,9.2,1300
2026-03-24 09:15:00.190,20260324,91500190,000009.SZ,52112,2,0,9.43,20000
2026-03-24 09:15:00.190,20260324,91500190,000009.SZ,52585,1,0,8.14,1000
2026-03-24 09:15:00.200,20260324,91500200,000009.SZ,53883,2,0,9.37,14000
2026-03-24 09:15:00.200,20260324,91500200,000009.SZ,54642,2,0,8.83,30000
2026-03-24 09:15:00.200,20260324,91500200,000009.SZ,54643,2,0,8.83,18329
2026-03-24 09:15:00.200,20260324,91500200,000009.SZ,55134,1,0,7.71,2000
2026-03-24 09:15:00.200,20260324,91500200,000009.SZ,55260,2,0,9.4,3000
2026-03-24 09:15:00.200,20260324,91500200,000009.SZ,55321,2,0,8.88,5000
2026-03-24 09:15:00.200,20260324,91500200,000009.SZ,55442,2,0,9.31,500
2026-03-24 09:15:00.210,20260324,91500210,000009.SZ,56109,2,0,8.62,3000
2026-03-24 09:15:00.210,20260324,91500210,000009.SZ,56672,1,0,8.5,600
2026-03-24 09:15:00.210,20260324,91500210,000009.SZ,56818,1,0,8.45,1700
2026-03-24 09:15:00.210,20260324,91500210,000009.SZ,57751,1,0,8.0,400
2026-03-24 09:15:00.220,20260324,91500220,000009.SZ,58043,2,0,9.43,3000
2026-03-24 09:15:00.220,20260324,91500220,000009.SZ,58514,1,0,8.2,2000
2026-03-24 09:15:00.220,20260324,91500220,000009.SZ,58965,2,0,9.43,500
2026-03-24 09:15:00.230,20260324,91500230,000009.SZ,60132,2,0,9.42,3000
2026-03-24 09:15:00.230,20260324,91500230,000009.SZ,60202,1,0,8.5,1900
2026-03-24 09:15:00.230,20260324,91500230,000009.SZ,60871,2,0,7.72,100
2026-03-24 09:15:00.230,20260324,91500230,000009.SZ,60890,1,0,8.57,800
2026-03-24 09:15:00.230,20260324,91500230,000009.SZ,61080,2,0,8.95,300
2026-03-24 09:15:00.230,20260324,91500230,000009.SZ,61144,2,0,9.33,10000
2026-03-24 09:15:00.240,20260324,91500240,000009.SZ,63404,1,0,8.04,700
2026-03-24 09:15:00.240,20260324,91500240,000009.SZ,63411,1,0,7.77,700
2026-03-24 09:15:00.250,20260324,91500250,000009.SZ,64082,1,0,8.29,100
2026-03-24 09:15:00.250,20260324,91500250,000009.SZ,64091,1,0,8.04,700
2026-03-24 09:15:00.250,20260324,91500250,000009.SZ,64454,1,0,8.38,500
2026-03-24 09:15:00.260,20260324,91500260,000009.SZ,65089,1,0,8.58,100
2026-03-24 09:15:00.260,20260324,91500260,000009.SZ,65961,2,0,9.19,100
2026-03-24 09:15:00.260,20260324,91500260,000009.SZ,66169,1,0,8.01,200
2026-03-24 09:15:00.260,20260324,91500260,000009.SZ,66212,2,0,9.0,500
2026-03-24 09:15:00.270,20260324,91500270,000009.SZ,66786,2,0,9.27,700
2026-03-24 09:15:00.270,20260324,91500270,000009.SZ,66812,2,0,9.15,38600
2026-03-24 09:15:00.270,20260324,91500270,000009.SZ,66906,2,0,8.95,1200
2026-03-24 09:15:00.270,20260324,91500270,000009.SZ,66925,2,0,8.89,1800
2026-03-24 09:15:00.270,20260324,91500270,000009.SZ,66926,2,0,9.02,1700
2026-03-24 09:15:00.270,20260324,91500270,000009.SZ,66927,2,0,9.14,1700
2026-03-24 09:15:00.270,20260324,91500270,000009.SZ,66928,2,0,9.25,1700
2026-03-24 09:15:00.270,20260324,91500270,000009.SZ,66929,2,0,9.35,1700
2026-03-24 09:15:00.270,20260324,91500270,000009.SZ,66930,2,0,9.43,1700
2026-03-24 09:15:00.270,20260324,91500270,000009.SZ,67367,1,0,7.78,300
2026-03-24 09:15:00.270,20260324,91500270,000009.SZ,67843,1,0,8.55,200
2026-03-24 09:15:00.280,20260324,91500280,000009.SZ,68357,2,0,8.84,2000
2026-03-24 09:15:00.280,20260324,91500280,000009.SZ,68679,2,0,9.43,5400
2026-03-24 09:15:00.290,20260324,91500290,000009.SZ,69448,1,0,8.5,1000
2026-03-24 09:15:00.290,20260324,91500290,000009.SZ,69707,1,0,8.6,11700
2026-03-24 09:15:00.290,20260324,91500290,000009.SZ,70179,2,0,9.39,4000
2026-03-24 09:15:00.300,20260324,91500300,000009.SZ,70593,2,0,8.96,2300
2026-03-24 09:15:00.300,20260324,91500300,000009.SZ,70834,1,0,8.58,300
2026-03-24 09:15:00.310,20260324,91500310,000009.SZ,71844,2,0,9.4,600
2026-03-24 09:15:00.310,20260324,91500310,000009.SZ,72210,2,0,9.08,1000
2026-03-24 09:15:00.320,20260324,91500320,000009.SZ,73705,2,0,8.88,300
2026-03-24 09:15:00.330,20260324,91500330,000009.SZ,74199,2,0,9.43,600
2026-03-24 09:15:00.340,20260324,91500340,000009.SZ,74625,2,0,9.0,300
2026-03-24 09:15:00.340,20260324,91500340,000009.SZ,74931,2,0,9.43,1200
2026-03-24 09:15:00.350,20260324,91500350,000009.SZ,75458,2,0,9.1,1600
2026-03-24 09:15:00.350,20260324,91500350,000009.SZ,75460,1,0,8.4,600
2026-03-24 09:15:00.350,20260324,91500350,000009.SZ,76131,2,0,9.43,300
2026-03-24 09:15:00.370,20260324,91500370,000009.SZ,76740,2,0,9.43,3000
2026-03-24 09:15:00.370,20260324,91500370,000009.SZ,76983,2,0,9.42,300
2026-03-24 09:15:00.370,20260324,91500370,000009.SZ,76987,2,0,9.05,1100
2026-03-24 09:15:00.370,20260324,91500370,000009.SZ,77005,2,0,8.95,1000
2026-03-24 09:15:00.370,20260324,91500370,000009.SZ,77006,1,0,7.81,1000
2026-03-24 09:15:00.370,20260324,91500370,000009.SZ,77049,1,0,8.55,100
2026-03-24 09:15:00.370,20260324,91500370,000009.SZ,77246,2,0,9.42,1100
2026-03-24 09:15:00.370,20260324,91500370,000009.SZ,77258,2,0,8.8,600
2026-03-24 09:15:00.370,20260324,91500370,000009.SZ,77262,1,0,7.71,100
2026-03-24 09:15:00.370,20260324,91500370,000009.SZ,77354,2,0,8.8,400
2026-03-24 09:15:00.380,20260324,91500380,000009.SZ,77950,1,0,8.25,500
2026-03-24 09:15:00.400,20260324,91500400,000009.SZ,79264,1,0,8.78,1200
2026-03-24 09:15:00.410,20260324,91500410,000009.SZ,79695,1,0,8.33,3100
2026-03-24 09:15:00.420,20260324,91500420,000009.SZ,80467,2,0,8.88,300
2026-03-24 09:15:00.420,20260324,91500420,000009.SZ,80650,1,0,7.71,500
2026-03-24 09:15:00.430,20260324,91500430,000009.SZ,81224,2,0,9.27,1700
2026-03-24 09:15:00.430,20260324,91500430,000009.SZ,81225,1,0,8.4,100
2026-03-24 09:15:00.430,20260324,91500430,000009.SZ,81562,1,0,8.01,200
2026-03-24 09:15:00.440,20260324,91500440,000009.SZ,81860,1,0,7.8,300
2026-03-24 09:15:00.450,20260324,91500450,000009.SZ,82889,2,0,9.0,100
2026-03-24 09:15:00.450,20260324,91500450,000009.SZ,82890,2,0,9.25,100
2026-03-24 09:15:00.460,20260324,91500460,000009.SZ,83678,2,0,9.35,200
2026-03-24 09:15:00.460,20260324,91500460,000009.SZ,83681,1,0,8.31,800
2026-03-24 09:15:00.460,20260324,91500460,000009.SZ,83682,1,0,8.11,800
2026-03-24 09:15:00.480,20260324,91500480,000009.SZ,84966,1,0,8.22,9000
2026-03-24 09:15:00.490,20260324,91500490,000009.SZ,85599,1,0,7.71,1000
2026-03-24 09:15:00.500,20260324,91500500,000009.SZ,86497,2,0,9.05,600
2026-03-24 09:15:00.500,20260324,91500500,000009.SZ,86811,2,0,9.43,200
2026-03-24 09:15:00.500,20260324,91500500,000009.SZ,86939,1,0,8.6,30000
2026-03-24 09:15:00.510,20260324,91500510,000009.SZ,87627,1,0,8.28,500
2026-03-24 09:15:00.510,20260324,91500510,000009.SZ,87628,2,0,9.29,500
2026-03-24 09:15:00.520,20260324,91500520,000009.SZ,88464,2,0,9.27,300
2026-03-24 09:15:00.520,20260324,91500520,000009.SZ,88584,2,0,8.95,100
2026-03-24 09:15:00.530,20260324,91500530,000009.SZ,89072,2,0,9.43,1000
2026-03-24 09:15:00.540,20260324,91500540,000009.SZ,89500,2,0,8.85,1000
2026-03-24 09:15:00.540,20260324,91500540,000009.SZ,89898,2,0,9.0,900
2026-03-24 09:15:00.540,20260324,91500540,000009.SZ,90204,2,0,9.43,100
2026-03-24 09:15:00.550,20260324,91500550,000009.SZ,90413,2,0,9.15,100
2026-03-24 09:15:00.550,20260324,91500550,000009.SZ,90419,2,0,9.15,100
2026-03-24 09:15:00.550,20260324,91500550,000009.SZ,90420,2,0,9.3,100
2026-03-24 09:15:00.550,20260324,91500550,000009.SZ,90700,2,0,8.89,10000
2026-03-24 09:15:00.560,20260324,91500560,000009.SZ,91098,1,0,8.0,12700
2026-03-24 09:15:00.560,20260324,91500560,000009.SZ,91117,2,0,9.43,1400
2026-03-24 09:15:00.560,20260324,91500560,000009.SZ,91333,2,0,9.19,100
2026-03-24 09:15:00.560,20260324,91500560,000009.SZ,91334,2,0,9.42,100
2026-03-24 09:15:00.560,20260324,91500560,000009.SZ,91446,2,0,9.42,4000
2026-03-24 09:15:00.570,20260324,91500570,000009.SZ,92052,1,0,7.71,100
2026-03-24 09:15:00.590,20260324,91500590,000009.SZ,93355,2,0,8.75,200
2026-03-24 09:15:00.590,20260324,91500590,000009.SZ,93357,2,0,8.92,200
2026-03-24 09:15:00.590,20260324,91500590,000009.SZ,93363,2,0,9.09,200
2026-03-24 09:15:00.590,20260324,91500590,000009.SZ,93364,2,0,9.26,200
2026-03-24 09:15:00.590,20260324,91500590,000009.SZ,93365,2,0,9.43,200
2026-03-24 09:15:00.610,20260324,91500610,000009.SZ,94300,2,0,9.34,100
2026-03-24 09:15:00.610,20260324,91500610,000009.SZ,94303,1,0,8.48,100
2026-03-24 09:15:00.610,20260324,91500610,000009.SZ,94436,1,0,8.55,100
2026-03-24 09:15:00.610,20260324,91500610,000009.SZ,94684,2,0,9.23,5500
2026-03-24 09:15:00.620,20260324,91500620,000009.SZ,95242,2,0,9.4,240
2026-03-24 09:15:00.630,20260324,91500630,000009.SZ,95500,1,0,8.08,1000
2026-03-24 09:15:00.640,20260324,91500640,000009.SZ,95929,1,0,8.41,100
2026-03-24 09:15:00.640,20260324,91500640,000009.SZ,96258,2,0,9.22,600
2026-03-24 09:15:00.640,20260324,91500640,000009.SZ,96327,1,0,8.57,1000
2026-03-24 09:15:00.650,20260324,91500650,000009.SZ,96797,2,0,9.43,10000
2026-03-24 09:15:00.650,20260324,91500650,000009.SZ,97065,2,0,9.39,106
2026-03-24 09:15:00.650,20260324,91500650,000009.SZ,97066,1,0,8.01,100
2026-03-24 09:15:00.650,20260324,91500650,000009.SZ,97068,2,0,9.39,600
2026-03-24 09:15:00.650,20260324,91500650,000009.SZ,97342,2,0,8.83,500
2026-03-24 09:15:00.670,20260324,91500670,000009.SZ,98364,2,0,9.2,100
2026-03-24 09:15:00.680,20260324,91500680,000009.SZ,99257,2,0,9.4,10000
2026-03-24 09:15:00.680,20260324,91500680,000009.SZ,99259,2,0,9.28,700
2026-03-24 09:15:00.720,20260324,91500720,000009.SZ,101564,1,0,8.3,100
2026-03-24 09:15:00.720,20260324,91500720,000009.SZ,102081,1,0,8.5,500
2026-03-24 09:15:00.730,20260324,91500730,000009.SZ,102236,1,0,8.58,800
2026-03-24 09:15:00.730,20260324,91500730,000009.SZ,102400,1,0,8.5,400
2026-03-24 09:15:00.740,20260324,91500740,000009.SZ,102653,1,0,8.8,1200
2026-03-24 09:15:00.810,20260324,91500810,000009.SZ,107603,2,0,9.13,5800
2026-03-24 09:15:00.830,20260324,91500830,000009.SZ,109272,1,0,8.55,1500
2026-03-24 09:15:00.830,20260324,91500830,000009.SZ,109544,2,0,9.43,1300
2026-03-24 09:15:00.840,20260324,91500840,000009.SZ,109757,2,0,9.25,300
2026-03-24 09:15:00.840,20260324,91500840,000009.SZ,109791,2,0,9.38,2000
2026-03-24 09:15:00.840,20260324,91500840,000009.SZ,110200,2,0,9.43,10000
2026-03-24 09:15:00.850,20260324,91500850,000009.SZ,110699,2,0,8.79,400
2026-03-24 09:15:00.860,20260324,91500860,000009.SZ,110867,1,0,8.0,300
2026-03-24 09:15:00.860,20260324,91500860,000009.SZ,110992,1,0,8.52,10000
2026-03-24 09:15:00.870,20260324,91500870,000009.SZ,111530,1,0,8.5,3000
2026-03-24 09:15:00.880,20260324,91500880,000009.SZ,112437,1,0,8.45,500
2026-03-24 09:15:00.880,20260324,91500880,000009.SZ,112439,1,0,8.5,400
2026-03-24 09:15:00.880,20260324,91500880,000009.SZ,112681,1,0,8.2,1600
2026-03-24 09:15:00.890,20260324,91500890,000009.SZ,113011,2,0,8.99,1200
2026-03-24 09:15:00.900,20260324,91500900,000009.SZ,113438,2,0,8.89,2100
2026-03-24 09:15:00.900,20260324,91500900,000009.SZ,113464,1,0,8.15,500
2026-03-24 09:15:00.900,20260324,91500900,000009.SZ,113572,2,0,8.88,2000
2026-03-24 09:15:00.900,20260324,91500900,000009.SZ,113577,2,0,8.99,2000
2026-03-24 09:15:00.910,20260324,91500910,000009.SZ,113923,2,0,9.43,3100
2026-03-24 09:15:00.910,20260324,91500910,000009.SZ,114021,2,0,8.9,200
2026-03-24 09:15:00.910,20260324,91500910,000009.SZ,114122,1,0,8.09,200
2026-03-24 09:15:00.910,20260324,91500910,000009.SZ,114178,1,0,8.5,500
2026-03-24 09:15:00.910,20260324,91500910,000009.SZ,114252,2,0,9.39,600
2026-03-24 09:15:00.920,20260324,91500920,000009.SZ,114454,1,0,8.51,10000
2026-03-24 09:15:00.920,20260324,91500920,000009.SZ,114768,1,0,8.38,8000
2026-03-24 09:15:00.930,20260324,91500930,000009.SZ,114988,2,0,9.39,300
2026-03-24 09:15:00.970,20260324,91500970,000009.SZ,117123,2,0,9.43,500
2026-03-24 09:15:00.980,20260324,91500980,000009.SZ,117360,2,0,9.29,15000
2026-03-24 09:15:00.980,20260324,91500980,000009.SZ,117361,2,0,9.39,10000
2026-03-24 09:15:00.980,20260324,91500980,000009.SZ,117362,2,0,9.43,2000
2026-03-24 09:15:00.990,20260324,91500990,000009.SZ,117886,2,0,8.9,200
2026-03-24 09:15:00.990,20260324,91500990,000009.SZ,118026,2,0,8.99,700
2026-03-24 09:15:01.000,20260324,91501000,000009.SZ,118429,1,0,8.57,25800
2026-03-24 09:15:01.030,20260324,91501030,000009.SZ,120122,2,0,9.16,100
2026-03-24 09:15:01.040,20260324,91501040,000009.SZ,120329,2,0,9.25,500
2026-03-24 09:15:01.070,20260324,91501070,000009.SZ,121844,2,0,8.87,2000
2026-03-24 09:15:01.070,20260324,91501070,000009.SZ,121870,1,0,8.0,2000
2026-03-24 09:15:01.090,20260324,91501090,000009.SZ,122606,2,0,8.86,100
2026-03-24 09:15:01.090,20260324,91501090,000009.SZ,122608,2,0,8.97,100
2026-03-24 09:15:01.110,20260324,91501110,000009.SZ,123593,2,0,8.8,1000
2026-03-24 09:15:01.130,20260324,91501130,000009.SZ,124213,2,0,8.57,1200
2026-03-24 09:15:01.130,20260324,91501130,000009.SZ,124285,1,0,8.57,100
2026-03-24 09:15:01.160,20260324,91501160,000009.SZ,124869,2,0,9.1,2000
2026-03-24 09:15:01.170,20260324,91501170,000009.SZ,125100,2,0,9.06,100
2026-03-24 09:15:01.180,20260324,91501180,000009.SZ,125241,2,0,8.8,5000
2026-03-24 09:15:01.180,20260324,91501180,000009.SZ,125270,1,0,8.18,3000
2026-03-24 09:15:01.210,20260324,91501210,000009.SZ,126071,2,0,9.08,300
2026-03-24 09:15:01.210,20260324,91501210,000009.SZ,126072,2,0,9.43,1000
2026-03-24 09:15:01.210,20260324,91501210,000009.SZ,126075,1,0,8.5,300
2026-03-24 09:15:01.230,20260324,91501230,000009.SZ,126911,2,0,9.39,3000
2026-03-24 09:15:01.260,20260324,91501260,000009.SZ,127467,1,0,7.72,2000
2026-03-24 09:15:01.260,20260324,91501260,000009.SZ,127616,2,0,9.43,2700
2026-03-24 09:15:01.260,20260324,91501260,000009.SZ,127746,2,0,9.43,1600
2026-03-24 09:15:01.270,20260324,91501270,000009.SZ,127967,1,0,8.45,2300
2026-03-24 09:15:01.270,20260324,91501270,000009.SZ,128055,1,0,8.4,500
2026-03-24 09:15:01.280,20260324,91501280,000009.SZ,128062,1,0,8.57,1000
2026-03-24 09:15:01.280,20260324,91501280,000009.SZ,128241,1,0,8.52,300
2026-03-24 09:15:01.280,20260324,91501280,000009.SZ,128282,1,0,8.57,500
2026-03-24 09:15:01.290,20260324,91501290,000009.SZ,128985,1,0,8.57,600
2026-03-24 09:15:01.300,20260324,91501300,000009.SZ,129281,1,0,8.03,3000
2026-03-24 09:15:01.320,20260324,91501320,000009.SZ,129869,1,0,8.59,1000
2026-03-24 09:15:01.330,20260324,91501330,000009.SZ,130105,2,0,8.8,500
2026-03-24 09:15:01.330,20260324,91501330,000009.SZ,130383,2,0,9.1,6000
2026-03-24 09:15:01.360,20260324,91501360,000009.SZ,131361,2,0,9.41,3000
2026-03-24 09:15:01.390,20260324,91501390,000009.SZ,132369,2,0,9.43,12000
2026-03-24 09:15:01.400,20260324,91501400,000009.SZ,132379,2,0,9.0,2500
2026-03-24 09:15:01.410,20260324,91501410,000009.SZ,132700,1,0,8.5,2000
2026-03-24 09:15:01.420,20260324,91501420,000009.SZ,132888,2,0,8.86,10000
2026-03-24 09:15:01.420,20260324,91501420,000009.SZ,132895,1,0,7.9,4400
2026-03-24 09:15:01.450,20260324,91501450,000009.SZ,133679,1,0,7.89,2000
2026-03-24 09:15:01.480,20260324,91501480,000009.SZ,134728,2,0,9.17,600
2026-03-24 09:15:01.480,20260324,91501480,000009.SZ,134731,2,0,8.98,500
2026-03-24 09:15:01.480,20260324,91501480,000009.SZ,134732,1,0,8.47,500
2026-03-24 09:15:01.550,20260324,91501550,000009.SZ,136705,2,0,9.04,9000
2026-03-24 09:15:01.560,20260324,91501560,000009.SZ,136953,1,0,7.71,1000
2026-03-24 09:15:01.630,20260324,91501630,000009.SZ,138346,2,0,8.85,700
2026-03-24 09:15:01.650,20260324,91501650,000009.SZ,139168,1,0,8.52,2400
2026-03-24 09:15:01.690,20260324,91501690,000009.SZ,140884,2,0,8.87,1000
2026-03-24 09:15:01.690,20260324,91501690,000009.SZ,140889,2,0,8.77,1000
2026-03-24 09:15:01.700,20260324,91501700,000009.SZ,141361,2,0,9.43,200
2026-03-24 09:15:01.710,20260324,91501710,000009.SZ,141530,2,0,9.0,1000
2026-03-24 09:15:01.710,20260324,91501710,000009.SZ,141615,2,0,8.9,1000
2026-03-24 09:15:01.720,20260324,91501720,000009.SZ,141626,2,0,9.3,2000
2026-03-24 09:15:01.720,20260324,91501720,000009.SZ,141628,2,0,9.4,2000
2026-03-24 09:15:01.720,20260324,91501720,000009.SZ,141724,2,0,9.4,100
2026-03-24 09:15:01.730,20260324,91501730,000009.SZ,142098,2,0,8.96,4000
2026-03-24 09:15:01.730,20260324,91501730,000009.SZ,142101,2,0,8.9,4300
2026-03-24 09:15:01.730,20260324,91501730,000009.SZ,142105,2,0,9.3,5500
2026-03-24 09:15:01.750,20260324,91501750,000009.SZ,142650,2,0,9.0,2700
2026-03-24 09:15:01.810,20260324,91501810,000009.SZ,145235,1,0,8.64,2000
2026-03-24 09:15:01.870,20260324,91501870,000009.SZ,147928,1,0,8.13,300
2026-03-24 09:15:01.870,20260324,91501870,000009.SZ,147929,2,0,8.97,300
2026-03-24 09:15:01.950,20260324,91501950,000009.SZ,149827,1,0,8.38,2000
2026-03-24 09:15:01.950,20260324,91501950,000009.SZ,149876,1,0,8.24,2000
2026-03-24 09:15:01.960,20260324,91501960,000009.SZ,150050,2,0,8.82,4000
2026-03-24 09:15:01.980,20260324,91501980,000009.SZ,150627,2,0,9.4,73300
2026-03-24 09:15:02.000,20260324,91502000,000009.SZ,151299,1,0,8.13,2000
2026-03-24 09:15:02.050,20260324,91502050,000009.SZ,152548,2,0,9.43,500
2026-03-24 09:15:02.080,20260324,91502080,000009.SZ,153049,1,0,8.34,1000
2026-03-24 09:15:02.130,20260324,91502130,000009.SZ,154042,1,0,8.31,10000
2026-03-24 09:15:02.150,20260324,91502150,000009.SZ,154377,2,0,9.43,5000
2026-03-24 09:15:02.170,20260324,91502170,000009.SZ,154682,1,0,8.11,10000
2026-03-24 09:15:02.210,20260324,91502210,000009.SZ,155119,2,0,8.95,400
2026-03-24 09:15:02.260,20260324,91502260,000009.SZ,155754,1,0,8.4,600
2026-03-24 09:15:02.260,20260324,91502260,000009.SZ,155785,1,0,8.01,200
2026-03-24 09:15:02.290,20260324,91502290,000009.SZ,156348,2,0,9.43,100
2026-03-24 09:15:02.340,20260324,91502340,000009.SZ,156930,1,0,8.0,1000
2026-03-24 09:15:02.350,20260324,91502350,000009.SZ,157090,2,0,9.12,1000
2026-03-24 09:15:02.370,20260324,91502370,000009.SZ,157328,1,0,8.1,10000
2026-03-24 09:15:02.550,20260324,91502550,000009.SZ,158464,1,0,8.6,500
2026-03-24 09:15:02.630,20260324,91502630,000009.SZ,159002,2,0,9.16,100
2026-03-24 09:15:02.680,20260324,91502680,000009.SZ,160002,2,0,9.43,1000
2026-03-24 09:15:02.790,20260324,91502790,000009.SZ,161373,1,0,8.53,2200
2026-03-24 09:15:02.790,20260324,91502790,000009.SZ,161398,1,0,8.38,500
2026-03-24 09:15:02.790,20260324,91502790,000009.SZ,161464,1,0,8.3,1000
2026-03-24 09:15:02.800,20260324,91502800,000009.SZ,161576,1,0,8.45,200
2026-03-24 09:15:02.800,20260324,91502800,000009.SZ,161638,1,0,8.5,300
2026-03-24 09:15:02.810,20260324,91502810,000009.SZ,161853,2,0,9.43,3600
2026-03-24 09:15:02.810,20260324,91502810,000009.SZ,161890,2,0,9.28,3700
2026-03-24 09:15:02.820,20260324,91502820,000009.SZ,162037,1,0,8.54,1000
2026-03-24 09:15:02.840,20260324,91502840,000009.SZ,162730,2,0,9.22,1100
2026-03-24 09:15:02.840,20260324,91502840,000009.SZ,162762,1,0,8.57,300
2026-03-24 09:15:02.860,20260324,91502860,000009.SZ,162969,2,0,9.43,4400
2026-03-24 09:15:02.860,20260324,91502860,000009.SZ,163002,1,0,8.28,1000
2026-03-24 09:15:02.870,20260324,91502870,000009.SZ,163067,2,0,8.78,100
2026-03-24 09:15:02.900,20260324,91502900,000009.SZ,163558,2,0,8.85,2400
2026-03-24 09:15:02.920,20260324,91502920,000009.SZ,163925,2,0,8.83,500
2026-03-24 09:15:02.920,20260324,91502920,000009.SZ,164090,1,0,8.28,1000
2026-03-24 09:15:02.950,20260324,91502950,000009.SZ,164618,1,0,8.0,400
2026-03-24 09:15:03.060,20260324,91503060,000009.SZ,165581,2,0,9.43,300
2026-03-24 09:15:03.090,20260324,91503090,000009.SZ,165833,1,0,8.59,1000
2026-03-24 09:15:03.090,20260324,91503090,000009.SZ,165868,2,0,9.43,200
2026-03-24 09:15:03.090,20260324,91503090,000009.SZ,165875,2,0,8.9,2000
2026-03-24 09:15:03.200,20260324,91503200,000009.SZ,166309,2,0,9.43,1000
2026-03-24 09:15:03.200,20260324,91503200,000009.SZ,166310,2,0,9.15,1000
2026-03-24 09:15:03.660,20260324,91503660,000009.SZ,167815,2,0,9.09,500
2026-03-24 09:15:03.810,20260324,91503810,000009.SZ,168498,2,0,9.36,4500
2026-03-24 09:15:03.820,20260324,91503820,000009.SZ,168641,1,0,8.57,11700
2026-03-24 09:15:03.820,20260324,91503820,000009.SZ,168761,1,0,8.0,8000
2026-03-24 09:15:03.820,20260324,91503820,000009.SZ,168768,2,0,8.64,1400
2026-03-24 09:15:03.830,20260324,91503830,000009.SZ,168967,1,0,8.08,200
2026-03-24 09:15:03.900,20260324,91503900,000009.SZ,169783,1,0,7.8,5000
2026-03-24 09:15:04.010,20260324,91504010,000009.SZ,170955,2,0,9.33,100
2026-03-24 09:15:04.080,20260324,91504080,000009.SZ,171441,1,0,8.38,5900
2026-03-24 09:15:04.080,20260324,91504080,000009.SZ,171489,1,0,8.66,72000
2026-03-24 09:15:04.240,20260324,91504240,000009.SZ,171728,1,0,8.57,100
2026-03-24 09:15:04.640,20260324,91504640,000009.SZ,172476,2,0,9.4,2000
2026-03-24 09:15:05.210,20260324,91505210,000009.SZ,173988,2,0,9.43,1000
2026-03-24 09:15:08.500,20260324,91508500,000009.SZ,175179,1,0,8.57,11600
2026-03-24 09:15:12.200,20260324,91512200,000009.SZ,175657,2,0,8.62,200
2026-03-24 09:15:12.200,20260324,91512200,000009.SZ,175658,1,0,8.48,200
2026-03-24 09:15:15.580,20260324,91515580,000009.SZ,176039,2,0,8.66,100
2026-03-24 09:15:26.250,20260324,91526250,000009.SZ,177614,1,0,7.8,1000
2026-03-24 09:15:28.240,20260324,91528240,000009.SZ,177915,2,0,8.91,100
2026-03-24 09:15:29.220,20260324,91529220,000009.SZ,178071,1,0,8.66,300
2026-03-24 09:15:30.560,20260324,91530560,000009.SZ,178272,2,0,8.66,100
2026-03-24 09:15:36.150,20260324,91536150,000009.SZ,179178,1,0,8.66,100
2026-03-24 09:15:36.160,20260324,91536160,000009.SZ,179179,1,0,8.66,100
2026-03-24 09:15:36.180,20260324,91536180,000009.SZ,179184,1,0,8.66,100
2026-03-24 09:15:36.180,20260324,91536180,000009.SZ,179185,1,0,8.66,100
2026-03-24 09:15:37.270,20260324,91537270,000009.SZ,179397,2,0,8.9,100
2026-03-24 09:15:37.270,20260324,91537270,000009.SZ,179398,1,0,8.1,100
2026-03-24 09:15:38.410,20260324,91538410,000009.SZ,179590,2,0,9.0,31400
2026-03-24 09:15:42.600,20260324,91542600,000009.SZ,180270,2,0,7.72,1800
2026-03-24 09:15:44.880,20260324,91544880,000009.SZ,180717,2,0,9.3,2600
2026-03-24 09:15:45.610,20260324,91545610,000009.SZ,180859,2,0,8.66,100
2026-03-24 09:15:48.390,20260324,91548390,000009.SZ,181375,2,0,8.75,200
2026-03-24 09:15:48.420,20260324,91548420,000009.SZ,181380,1,0,8.46,200
2026-03-24 09:15:53.270,20260324,91553270,000009.SZ,182325,2,0,9.04,1000
2026-03-24 09:15:55.830,20260324,91555830,000009.SZ,182811,1,0,8.66,1000
2026-03-24 09:15:58.110,20260324,91558110,000009.SZ,183259,2,0,7.71,2300
2026-03-24 09:16:00.630,20260324,91600630,000009.SZ,183804,2,0,8.66,100
2026-03-24 09:16:01.140,20260324,91601140,000009.SZ,183911,2,0,9.43,33100
2026-03-24 09:16:01.240,20260324,91601240,000009.SZ,183935,2,0,9.0,23300
2026-03-24 09:16:03.250,20260324,91603250,000009.SZ,184425,1,0,8.46,100
2026-03-24 09:16:04.200,20260324,91604200,000009.SZ,184659,2,0,8.76,100
2026-03-24 09:16:07.630,20260324,91607630,000009.SZ,185447,1,0,8.01,1500
2026-03-24 09:16:10.270,20260324,91610270,000009.SZ,185980,2,0,8.8,100
2026-03-24 09:16:10.500,20260324,91610500,000009.SZ,186028,1,0,8.3,2400
2026-03-24 09:16:10.680,20260324,91610680,000009.SZ,186066,2,0,8.95,1000
2026-03-24 09:16:11.780,20260324,91611780,000009.SZ,186278,2,0,9.43,5000
2026-03-24 09:16:12.350,20260324,91612350,000009.SZ,186386,1,0,8.66,200
2026-03-24 09:16:15.670,20260324,91615670,000009.SZ,187049,2,0,8.66,100
2026-03-24 09:16:16.330,20260324,91616330,000009.SZ,187194,2,0,8.84,100
2026-03-24 09:16:18.850,20260324,91618850,000009.SZ,187757,2,0,8.85,1000
2026-03-24 09:16:22.380,20260324,91622380,000009.SZ,188523,2,0,8.88,100
2026-03-24 09:16:24.380,20260324,91624380,000009.SZ,188949,2,0,9.43,12200
2026-03-24 09:16:25.180,20260324,91625180,000009.SZ,189117,2,0,9.25,800
2026-03-24 09:16:28.440,20260324,91628440,000009.SZ,189849,2,0,8.92,100
2026-03-24 09:16:32.860,20260324,91632860,000009.SZ,190880,2,0,7.71,100
2026-03-24 09:16:34.300,20260324,91634300,000009.SZ,191215,2,0,9.14,1600
2026-03-24 09:16:40.580,20260324,91640580,000009.SZ,192570,2,0,8.93,5500
2026-03-24 09:16:40.790,20260324,91640790,000009.SZ,192614,1,0,8.0,5000
2026-03-24 09:16:41.860,20260324,91641860,000009.SZ,192855,2,0,8.89,500
2026-03-24 09:16:44.840,20260324,91644840,000009.SZ,193557,1,0,8.66,500
2026-03-24 09:16:48.770,20260324,91648770,000009.SZ,194486,2,0,9.09,1700
2026-03-24 09:16:48.840,20260324,91648840,000009.SZ,194504,2,0,9.27,5500
2026-03-24 09:16:49.630,20260324,91649630,000009.SZ,194687,2,0,8.95,10000
2026-03-24 09:16:55.540,20260324,91655540,000009.SZ,196093,2,0,9.28,3800
2026-03-24 09:16:55.780,20260324,91655780,000009.SZ,196146,2,0,9.43,3200
2026-03-24 09:16:59.320,20260324,91659320,000009.SZ,197011,2,0,9.38,3200
2026-03-24 09:17:00.600,20260324,91700600,000009.SZ,197422,2,0,8.41,100
2026-03-24 09:17:01.010,20260324,91701010,000009.SZ,197580,1,0,8.63,3300
2026-03-24 09:17:03.260,20260324,91703260,000009.SZ,198149,2,0,9.33,3200
2026-03-24 09:17:04.300,20260324,91704300,000009.SZ,198423,1,0,8.38,8000
2026-03-24 09:17:05.300,20260324,91705300,000009.SZ,198674,2,0,8.68,700
2026-03-24 09:17:05.960,20260324,91705960,000009.SZ,198829,2,0,9.43,2000
2026-03-24 09:17:07.400,20260324,91707400,000009.SZ,199236,2,0,9.31,3200
2026-03-24 09:17:12.530,20260324,91712530,000009.SZ,200480,2,0,9.29,300
2026-03-24 09:17:15.560,20260324,91715560,000009.SZ,201339,2,0,8.98,1000
2026-03-24 09:17:16.830,20260324,91716830,000009.SZ,201679,2,0,8.66,500
2026-03-24 09:17:17.790,20260324,91717790,000009.SZ,201904,2,0,9.42,400
2026-03-24 09:17:18.140,20260324,91718140,000009.SZ,202002,1,0,8.6,600
2026-03-24 09:17:23.650,20260324,91723650,000009.SZ,203642,1,0,8.66,5000
2026-03-24 09:17:28.280,20260324,91728280,000009.SZ,204863,2,0,8.88,500
2026-03-24 09:17:28.670,20260324,91728670,000009.SZ,204973,2,0,9.42,7000
2026-03-24 09:17:32.770,20260324,91732770,000009.SZ,206172,2,0,9.2,200
2026-03-24 09:17:33.600,20260324,91733600,000009.SZ,206378,1,0,8.79,20000
2026-03-24 09:17:37.910,20260324,91737910,000009.SZ,207530,2,0,8.87,200
2026-03-24 09:17:38.150,20260324,91738150,000009.SZ,207604,1,0,8.66,1000
2026-03-24 09:17:39.780,20260324,91739780,000009.SZ,208073,2,0,9.43,1400
2026-03-24 09:17:42.650,20260324,91742650,000009.SZ,208839,2,0,9.43,200
2026-03-24 09:17:45.420,20260324,91745420,000009.SZ,209637,2,0,9.26,2000
2026-03-24 09:17:46.140,20260324,91746140,000009.SZ,209843,2,0,8.71,10000
2026-03-24 09:17:47.740,20260324,91747740,000009.SZ,210281,2,0,9.43,2000
2026-03-24 09:17:49.640,20260324,91749640,000009.SZ,210813,2,0,9.36,6000
2026-03-24 09:17:59.660,20260324,91759660,000009.SZ,213701,2,0,8.72,200
2026-03-24 09:18:01.000,20260324,91801000,000009.SZ,214141,2,0,9.43,4400
2026-03-24 09:18:01.120,20260324,91801120,000009.SZ,214177,2,0,9.15,500
2026-03-24 09:18:01.770,20260324,91801770,000009.SZ,214346,2,0,9.21,1900
2026-03-24 09:18:03.580,20260324,91803580,000009.SZ,214870,2,0,8.95,2000
2026-03-24 09:18:04.480,20260324,91804480,000009.SZ,215111,2,0,8.69,10000
2026-03-24 09:18:06.780,20260324,91806780,000009.SZ,215790,1,0,8.38,100
2026-03-24 09:18:06.960,20260324,91806960,000009.SZ,215851,2,0,9.1,500
2026-03-24 09:18:10.330,20260324,91810330,000009.SZ,216762,1,0,8.66,700
2026-03-24 09:18:10.550,20260324,91810550,000009.SZ,216814,2,0,9.1,31400
2026-03-24 09:18:22.180,20260324,91822180,000009.SZ,220192,1,0,8.66,1900
2026-03-24 09:18:23.530,20260324,91823530,000009.SZ,220573,2,0,8.79,600
2026-03-24 09:18:26.460,20260324,91826460,000009.SZ,221446,1,0,8.5,100
2026-03-24 09:18:28.700,20260324,91828700,000009.SZ,222123,1,0,8.67,11600
2026-03-24 09:18:30.990,20260324,91830990,000009.SZ,222796,2,0,8.96,1100
2026-03-24 09:18:32.420,20260324,91832420,000009.SZ,223202,2,0,9.0,3000
2026-03-24 09:18:36.890,20260324,91836890,000009.SZ,224505,2,0,9.43,3000
2026-03-24 09:18:37.090,20260324,91837090,000009.SZ,224552,1,0,8.38,300
2026-03-24 09:18:40.800,20260324,91840800,000009.SZ,225667,1,0,8.46,8800
2026-03-24 09:18:41.320,20260324,91841320,000009.SZ,225819,2,0,9.18,5600
2026-03-24 09:18:42.700,20260324,91842700,000009.SZ,226250,2,0,8.65,200
2026-03-24 09:18:45.330,20260324,91845330,000009.SZ,227017,2,0,8.66,10000
2026-03-24 09:18:46.280,20260324,91846280,000009.SZ,227331,2,0,9.0,2000
2026-03-24 09:18:47.620,20260324,91847620,000009.SZ,227726,2,0,9.43,1200
2026-03-24 09:18:48.210,20260324,91848210,000009.SZ,227886,1,0,8.62,1000
2026-03-24 09:18:55.500,20260324,91855500,000009.SZ,230036,1,0,8.6,6200
2026-03-24 09:18:57.340,20260324,91857340,000009.SZ,230608,2,0,8.8,1000
2026-03-24 09:18:58.610,20260324,91858610,000009.SZ,231010,2,0,8.85,2600
2026-03-24 09:19:00.350,20260324,91900350,000009.SZ,231566,1,0,8.13,500
2026-03-24 09:19:06.950,20260324,91906950,000009.SZ,233667,2,0,9.43,100
2026-03-24 09:19:07.170,20260324,91907170,000009.SZ,233735,1,0,8.66,1000
2026-03-24 09:19:08.000,20260324,91908000,000009.SZ,234023,2,0,8.82,400
2026-03-24 09:19:08.210,20260324,91908210,000009.SZ,234085,1,0,8.4,300
2026-03-24 09:19:09.590,20260324,91909590,000009.SZ,234528,2,0,9.03,7300
2026-03-24 09:19:21.920,20260324,91921920,000009.SZ,238483,2,0,8.76,1000
2026-03-24 09:19:22.350,20260324,91922350,000009.SZ,238612,1,0,8.66,400
2026-03-24 09:19:25.010,20260324,91925010,000009.SZ,239507,2,0,8.9,200
2026-03-24 09:19:25.590,20260324,91925590,000009.SZ,239681,2,0,8.87,700
2026-03-24 09:19:25.820,20260324,91925820,000009.SZ,239767,1,0,8.2,3000
2026-03-24 09:19:30.080,20260324,91930080,000009.SZ,241180,2,0,9.42,500
2026-03-24 09:19:32.240,20260324,91932240,000009.SZ,241944,2,0,8.8,3000
2026-03-24 09:19:32.260,20260324,91932260,000009.SZ,241949,2,0,9.0,800
2026-03-24 09:19:34.060,20260324,91934060,000009.SZ,242542,2,0,8.99,2600
2026-03-24 09:19:35.490,20260324,91935490,000009.SZ,242997,1,0,7.71,200
2026-03-24 09:19:35.660,20260324,91935660,000009.SZ,243041,2,0,8.86,1000
2026-03-24 09:19:39.410,20260324,91939410,000009.SZ,244272,2,0,9.43,1900
2026-03-24 09:19:45.000,20260324,91945000,000009.SZ,246123,2,0,8.96,1000
2026-03-24 09:19:48.780,20260324,91948780,000009.SZ,247396,2,0,8.88,12400
2026-03-24 09:19:52.970,20260324,91952970,000009.SZ,248746,1,0,8.66,2300
2026-03-24 09:19:57.430,20260324,91957430,000009.SZ,250249,1,0,8.59,600
2026-03-24 09:19:58.130,20260324,91958130,000009.SZ,250468,1,0,8.35,200
2026-03-24 09:19:58.220,20260324,91958220,000009.SZ,250497,1,0,8.53,700
2026-03-24 09:19:59.340,20260324,91959340,000009.SZ,250854,2,0,8.85,600
2026-03-24 09:20:00.190,20260324,92000190,000009.SZ,251136,2,0,8.15,100
2026-03-24 09:20:00.220,20260324,92000220,000009.SZ,251148,2,0,8.15,100
2026-03-24 09:20:00.330,20260324,92000330,000009.SZ,251181,1,0,8.46,3200
2026-03-24 09:20:02.080,20260324,92002080,000009.SZ,251819,2,0,8.4,100
2026-03-24 09:20:04.030,20260324,92004030,000009.SZ,252511,2,0,8.4,100
2026-03-24 09:20:04.140,20260324,92004140,000009.SZ,252569,2,0,8.4,100
2026-03-24 09:20:10.990,20260324,92010990,000009.SZ,254744,2,0,9.43,1900
2026-03-24 09:20:12.340,20260324,92012340,000009.SZ,255125,2,0,9.42,300
2026-03-24 09:20:12.520,20260324,92012520,000009.SZ,255165,2,0,9.43,7500
2026-03-24 09:20:13.110,20260324,92013110,000009.SZ,255327,2,0,9.43,100
2026-03-24 09:20:14.290,20260324,92014290,000009.SZ,255667,2,0,8.7,2000
2026-03-24 09:20:15.090,20260324,92015090,000009.SZ,255899,1,0,8.66,1000
2026-03-24 09:20:16.950,20260324,92016950,000009.SZ,256400,2,0,8.88,1000
2026-03-24 09:20:24.220,20260324,92024220,000009.SZ,258504,2,0,9.43,1000
2026-03-24 09:20:29.740,20260324,92029740,000009.SZ,260151,2,0,8.69,9200
2026-03-24 09:20:30.130,20260324,92030130,000009.SZ,260256,2,0,9.43,4000
2026-03-24 09:20:30.300,20260324,92030300,000009.SZ,260313,2,0,8.9,100
2026-03-24 09:20:31.790,20260324,92031790,000009.SZ,260782,2,0,8.8,1000
2026-03-24 09:20:34.410,20260324,92034410,000009.SZ,261529,1,0,8.66,600
2026-03-24 09:20:34.780,20260324,92034780,000009.SZ,261645,2,0,8.66,3900
2026-03-24 09:20:36.310,20260324,92036310,000009.SZ,262137,2,0,9.42,600
2026-03-24 09:20:37.550,20260324,92037550,000009.SZ,262484,2,0,9.03,600
2026-03-24 09:20:37.550,20260324,92037550,000009.SZ,262485,1,0,8.17,600
2026-03-24 09:20:38.490,20260324,92038490,000009.SZ,262760,2,0,9.43,100
2026-03-24 09:20:44.150,20260324,92044150,000009.SZ,264487,2,0,9.15,600
2026-03-24 09:20:47.670,20260324,92047670,000009.SZ,265595,1,0,8.7,600
2026-03-24 09:20:49.840,20260324,92049840,000009.SZ,266237,2,0,8.74,500
2026-03-24 09:20:53.770,20260324,92053770,000009.SZ,267407,2,0,8.7,800
2026-03-24 09:20:55.760,20260324,92055760,000009.SZ,267994,1,0,8.66,1700
2026-03-24 09:21:00.070,20260324,92100070,000009.SZ,269339,2,0,7.79,300
2026-03-24 09:21:00.070,20260324,92100070,000009.SZ,269340,2,0,7.79,500
2026-03-24 09:21:00.200,20260324,92100200,000009.SZ,269471,2,0,7.79,100
2026-03-24 09:21:00.760,20260324,92100760,000009.SZ,270034,2,0,7.79,200
2026-03-24 09:21:00.880,20260324,92100880,000009.SZ,270204,2,0,7.79,100
2026-03-24 09:21:00.910,20260324,92100910,000009.SZ,270230,2,0,7.79,100
2026-03-24 09:21:01.110,20260324,92101110,000009.SZ,270358,2,0,7.79,300
2026-03-24 09:21:01.120,20260324,92101120,000009.SZ,270361,2,0,7.79,100
2026-03-24 09:21:01.160,20260324,92101160,000009.SZ,270414,2,0,7.79,200
2026-03-24 09:21:03.070,20260324,92103070,000009.SZ,271374,2,0,8.73,300
2026-03-24 09:21:03.820,20260324,92103820,000009.SZ,271722,1,0,8.33,200
2026-03-24 09:21:10.340,20260324,92110340,000009.SZ,273977,1,0,8.6,8700
2026-03-24 09:21:12.920,20260324,92112920,000009.SZ,274907,1,0,8.59,400
2026-03-24 09:21:17.950,20260324,92117950,000009.SZ,276685,1,0,8.66,1100
2026-03-24 09:21:19.590,20260324,92119590,000009.SZ,277261,2,0,9.42,1100
2026-03-24 09:21:24.750,20260324,92124750,000009.SZ,278975,1,0,8.66,1000
2026-03-24 09:21:28.050,20260324,92128050,000009.SZ,280052,1,0,8.66,500
2026-03-24 09:21:30.150,20260324,92130150,000009.SZ,280804,2,0,8.66,200
2026-03-24 09:21:30.280,20260324,92130280,000009.SZ,280846,2,0,8.92,5000
2026-03-24 09:21:30.410,20260324,92130410,000009.SZ,280892,1,0,8.5,500
2026-03-24 09:21:30.620,20260324,92130620,000009.SZ,280962,2,0,8.99,1000
2026-03-24 09:21:31.020,20260324,92131020,000009.SZ,281110,1,0,8.6,1000
2026-03-24 09:21:31.620,20260324,92131620,000009.SZ,281340,2,0,8.65,2000
2026-03-24 09:21:39.350,20260324,92139350,000009.SZ,284078,1,0,8.57,800
2026-03-24 09:21:40.200,20260324,92140200,000009.SZ,284366,1,0,8.72,1000
2026-03-24 09:21:41.360,20260324,92141360,000009.SZ,284770,1,0,8.0,7300
2026-03-24 09:21:45.040,20260324,92145040,000009.SZ,286100,2,0,9.4,2000
2026-03-24 09:21:45.740,20260324,92145740,000009.SZ,286362,1,0,8.51,600
2026-03-24 09:21:46.420,20260324,92146420,000009.SZ,286608,2,0,9.12,6100
2026-03-24 09:21:48.060,20260324,92148060,000009.SZ,287174,2,0,8.77,4700
2026-03-24 09:21:48.390,20260324,92148390,000009.SZ,287288,1,0,8.5,1600
2026-03-24 09:21:48.760,20260324,92148760,000009.SZ,287428,1,0,8.6,500
2026-03-24 09:21:50.240,20260324,92150240,000009.SZ,287981,2,0,9.42,1800
2026-03-24 09:21:50.280,20260324,92150280,000009.SZ,287993,2,0,8.88,500
2026-03-24 09:21:52.790,20260324,92152790,000009.SZ,288865,1,0,8.0,1000
2026-03-24 09:21:52.940,20260324,92152940,000009.SZ,288922,1,0,8.66,700
2026-03-24 09:21:53.410,20260324,92153410,000009.SZ,289085,2,0,8.81,11000
2026-03-24 09:21:54.440,20260324,92154440,000009.SZ,289434,1,0,8.66,3600
2026-03-24 09:21:55.950,20260324,92155950,000009.SZ,289946,1,0,8.66,1000
2026-03-24 09:21:56.150,20260324,92156150,000009.SZ,290018,1,0,8.58,2000
2026-03-24 09:21:56.880,20260324,92156880,000009.SZ,290260,1,0,8.0,1000
2026-03-24 09:22:00.790,20260324,92200790,000009.SZ,291673,1,0,8.52,1200
2026-03-24 09:22:01.720,20260324,92201720,000009.SZ,292045,2,0,9.08,600
2026-03-24 09:22:03.380,20260324,92203380,000009.SZ,292640,2,0,8.9,3000
2026-03-24 09:22:05.750,20260324,92205750,000009.SZ,293526,2,0,8.66,6000
2026-03-24 09:22:12.490,20260324,92212490,000009.SZ,296073,2,0,8.75,10000
2026-03-24 09:22:12.830,20260324,92212830,000009.SZ,296191,2,0,8.87,21000
2026-03-24 09:22:13.250,20260324,92213250,000009.SZ,296342,2,0,9.38,800
2026-03-24 09:22:13.630,20260324,92213630,000009.SZ,296488,1,0,8.6,2000
2026-03-24 09:22:13.910,20260324,92213910,000009.SZ,296603,2,0,9.36,100
2026-03-24 09:22:25.920,20260324,92225920,000009.SZ,301262,1,0,8.5,3000
2026-03-24 09:22:26.210,20260324,92226210,000009.SZ,301370,2,0,8.81,400
2026-03-24 09:22:26.780,20260324,92226780,000009.SZ,301589,1,0,8.66,2000
2026-03-24 09:22:27.910,20260324,92227910,000009.SZ,302033,2,0,8.98,10000
2026-03-24 09:22:27.960,20260324,92227960,000009.SZ,302048,1,0,8.88,6000
2026-03-24 09:22:29.700,20260324,92229700,000009.SZ,302710,2,0,8.66,1000
2026-03-24 09:22:30.660,20260324,92230660,000009.SZ,303148,2,0,8.88,2000
2026-03-24 09:22:32.210,20260324,92232210,000009.SZ,303864,1,0,8.66,500
2026-03-24 09:22:33.230,20260324,92233230,000009.SZ,304293,1,0,8.64,500
2026-03-24 09:22:36.740,20260324,92236740,000009.SZ,305730,2,0,8.61,200
2026-03-24 09:22:38.450,20260324,92238450,000009.SZ,306412,2,0,9.43,600
2026-03-24 09:22:39.080,20260324,92239080,000009.SZ,306667,2,0,9.43,500
2026-03-24 09:22:39.170,20260324,92239170,000009.SZ,306701,1,0,8.67,2000
2026-03-24 09:22:41.810,20260324,92241810,000009.SZ,307768,1,0,8.66,2000
2026-03-24 09:22:44.070,20260324,92244070,000009.SZ,308730,2,0,8.95,15200
2026-03-24 09:22:45.460,20260324,92245460,000009.SZ,309256,1,0,8.5,4000
2026-03-24 09:22:48.060,20260324,92248060,000009.SZ,310308,2,0,8.86,1000
2026-03-24 09:22:48.470,20260324,92248470,000009.SZ,310475,2,0,8.7,200
2026-03-24 09:22:50.080,20260324,92250080,000009.SZ,311109,2,0,8.99,3000
2026-03-24 09:22:51.810,20260324,92251810,000009.SZ,311863,2,0,9.33,600
2026-03-24 09:22:53.690,20260324,92253690,000009.SZ,312680,2,0,8.74,1100
2026-03-24 09:22:54.330,20260324,92254330,000009.SZ,312926,1,0,8.66,3500
2026-03-24 09:22:54.590,20260324,92254590,000009.SZ,313026,1,0,8.58,20000
2026-03-24 09:23:00.380,20260324,92300380,000009.SZ,315492,1,0,8.67,1700
2026-03-24 09:23:02.770,20260324,92302770,000009.SZ,316597,2,0,8.97,1000
2026-03-24 09:23:03.040,20260324,92303040,000009.SZ,316759,2,0,8.9,5000
2026-03-24 09:23:03.690,20260324,92303690,000009.SZ,317091,2,0,8.74,2000
2026-03-24 09:23:03.720,20260324,92303720,000009.SZ,317104,2,0,8.71,600
2026-03-24 09:23:06.280,20260324,92306280,000009.SZ,318235,2,0,8.79,100
2026-03-24 09:23:07.300,20260324,92307300,000009.SZ,318652,2,0,9.23,600
2026-03-24 09:23:07.490,20260324,92307490,000009.SZ,318731,1,0,8.57,200
2026-03-24 09:23:07.520,20260324,92307520,000009.SZ,318750,2,0,8.81,1000
2026-03-24 09:23:08.900,20260324,92308900,000009.SZ,319346,2,0,9.43,500
2026-03-24 09:23:20.150,20260324,92320150,000009.SZ,324537,2,0,7.71,1400
2026-03-24 09:23:20.260,20260324,92320260,000009.SZ,324585,2,0,9.13,600
2026-03-24 09:23:21.140,20260324,92321140,000009.SZ,325007,2,0,8.68,6500
2026-03-24 09:23:23.660,20260324,92323660,000009.SZ,326120,1,0,8.62,100
2026-03-24 09:23:25.850,20260324,92325850,000009.SZ,327121,1,0,9.43,2500
2026-03-24 09:23:27.270,20260324,92327270,000009.SZ,327860,2,0,8.66,1800
2026-03-24 09:23:30.000,20260324,92330000,000009.SZ,329250,1,0,8.66,2500
2026-03-24 09:23:30.010,20260324,92330010,000009.SZ,329253,1,0,8.58,5000
2026-03-24 09:23:30.360,20260324,92330360,000009.SZ,329420,2,0,9.19,500
2026-03-24 09:23:32.470,20260324,92332470,000009.SZ,330437,2,0,8.84,2000
2026-03-24 09:23:34.850,20260324,92334850,000009.SZ,331599,2,0,7.71,10000
2026-03-24 09:23:35.640,20260324,92335640,000009.SZ,331974,1,0,8.66,500
2026-03-24 09:23:37.920,20260324,92337920,000009.SZ,333091,1,0,8.4,100
2026-03-24 09:23:39.770,20260324,92339770,000009.SZ,333995,2,0,9.43,2600
2026-03-24 09:23:42.240,20260324,92342240,000009.SZ,335283,2,0,9.07,30100
2026-03-24 09:23:43.150,20260324,92343150,000009.SZ,335746,1,0,8.6,300
2026-03-24 09:23:44.370,20260324,92344370,000009.SZ,336392,2,0,8.67,1000
2026-03-24 09:23:47.430,20260324,92347430,000009.SZ,337933,2,0,9.0,100
2026-03-24 09:23:47.500,20260324,92347500,000009.SZ,337975,2,0,9.38,5000
2026-03-24 09:23:47.770,20260324,92347770,000009.SZ,338128,1,0,8.5,1000
2026-03-24 09:23:49.230,20260324,92349230,000009.SZ,338872,1,0,8.66,200
2026-03-24 09:23:50.360,20260324,92350360,000009.SZ,339410,1,0,8.31,1200
2026-03-24 09:23:54.580,20260324,92354580,000009.SZ,341641,1,0,8.65,1000
2026-03-24 09:23:56.620,20260324,92356620,000009.SZ,342667,2,0,8.65,400
2026-03-24 09:23:56.820,20260324,92356820,000009.SZ,342768,1,0,8.51,200
2026-03-24 09:23:57.660,20260324,92357660,000009.SZ,343211,1,0,8.61,5000
2026-03-24 09:23:57.690,20260324,92357690,000009.SZ,343235,2,0,9.0,1000
2026-03-24 09:23:58.640,20260324,92358640,000009.SZ,343683,1,0,7.98,3000
2026-03-24 09:23:59.640,20260324,92359640,000009.SZ,344220,1,0,8.66,10000
2026-03-24 09:23:59.830,20260324,92359830,000009.SZ,344317,1,0,8.66,2000
2026-03-24 09:24:00.050,20260324,92400050,000009.SZ,344481,2,0,8.15,100
2026-03-24 09:24:00.590,20260324,92400590,000009.SZ,344894,2,0,8.89,1000
2026-03-24 09:24:03.040,20260324,92403040,000009.SZ,346364,2,0,8.66,200
2026-03-24 09:24:05.240,20260324,92405240,000009.SZ,347694,1,0,8.66,28800
2026-03-24 09:24:05.330,20260324,92405330,000009.SZ,347745,1,0,8.5,1000
2026-03-24 09:24:08.350,20260324,92408350,000009.SZ,349600,1,0,8.45,300
2026-03-24 09:24:09.080,20260324,92409080,000009.SZ,350045,2,0,8.71,1000
2026-03-24 09:24:11.480,20260324,92411480,000009.SZ,351525,2,0,8.75,600
2026-03-24 09:24:12.490,20260324,92412490,000009.SZ,352220,1,0,8.51,5000
2026-03-24 09:24:12.790,20260324,92412790,000009.SZ,352438,2,0,8.74,1000
2026-03-24 09:24:14.410,20260324,92414410,000009.SZ,353479,1,0,8.69,1000
2026-03-24 09:24:15.200,20260324,92415200,000009.SZ,353992,1,0,8.74,1200
2026-03-24 09:24:15.410,20260324,92415410,000009.SZ,354154,2,0,8.66,600
2026-03-24 09:24:17.440,20260324,92417440,000009.SZ,355536,2,0,9.39,1000
2026-03-24 09:24:20.340,20260324,92420340,000009.SZ,357616,1,0,7.8,2000
2026-03-24 09:24:20.740,20260324,92420740,000009.SZ,357926,1,0,8.52,400
2026-03-24 09:24:21.680,20260324,92421680,000009.SZ,358655,1,0,8.6,100
2026-03-24 09:24:21.720,20260324,92421720,000009.SZ,358685,2,0,8.99,1000
2026-03-24 09:24:27.270,20260324,92427270,000009.SZ,362773,1,0,8.5,5000
2026-03-24 09:24:28.150,20260324,92428150,000009.SZ,363509,2,0,9.42,100
2026-03-24 09:24:28.780,20260324,92428780,000009.SZ,364038,2,0,9.43,30000
2026-03-24 09:24:30.380,20260324,92430380,000009.SZ,365370,2,0,8.79,2700
2026-03-24 09:24:30.750,20260324,92430750,000009.SZ,365673,1,0,8.6,500
2026-03-24 09:24:31.460,20260324,92431460,000009.SZ,366227,1,0,8.69,9200
2026-03-24 09:24:34.220,20260324,92434220,000009.SZ,368342,1,0,8.38,100
2026-03-24 09:24:35.130,20260324,92435130,000009.SZ,369053,2,0,8.7,100
2026-03-24 09:24:35.390,20260324,92435390,000009.SZ,369252,1,0,8.68,1800
2026-03-24 09:24:35.710,20260324,92435710,000009.SZ,369545,1,0,8.67,600
2026-03-24 09:24:36.180,20260324,92436180,000009.SZ,369925,2,0,9.43,100
2026-03-24 09:24:36.620,20260324,92436620,000009.SZ,370286,2,0,8.96,300
2026-03-24 09:24:37.110,20260324,92437110,000009.SZ,370716,1,0,8.68,3900
2026-03-24 09:24:38.080,20260324,92438080,000009.SZ,371559,1,0,8.51,500
2026-03-24 09:24:39.040,20260324,92439040,000009.SZ,372648,1,0,8.67,28700
2026-03-24 09:24:39.680,20260324,92439680,000009.SZ,373217,1,0,8.67,10000
2026-03-24 09:24:41.140,20260324,92441140,000009.SZ,374502,2,0,8.8,6000
2026-03-24 09:24:42.710,20260324,92442710,000009.SZ,375857,2,0,8.65,500
2026-03-24 09:24:44.990,20260324,92444990,000009.SZ,377843,1,0,8.67,19200
2026-03-24 09:24:45.820,20260324,92445820,000009.SZ,378612,1,0,8.66,100
2026-03-24 09:24:46.390,20260324,92446390,000009.SZ,379070,2,0,9.4,2000
2026-03-24 09:24:47.330,20260324,92447330,000009.SZ,379885,2,0,8.76,1000
2026-03-24 09:24:47.620,20260324,92447620,000009.SZ,380128,2,0,8.72,900
2026-03-24 09:24:48.190,20260324,92448190,000009.SZ,380659,1,0,8.67,1000
2026-03-24 09:24:48.660,20260324,92448660,000009.SZ,381179,2,0,8.99,600
2026-03-24 09:24:49.900,20260324,92449900,000009.SZ,382892,2,0,8.66,500
2026-03-24 09:24:52.950,20260324,92452950,000009.SZ,386739,1,0,8.68,17600
2026-03-24 09:24:53.650,20260324,92453650,000009.SZ,387761,2,0,8.65,2700
2026-03-24 09:24:53.990,20260324,92453990,000009.SZ,388325,2,0,7.71,600
2026-03-24 09:24:54.110,20260324,92454110,000009.SZ,388543,1,0,8.67,200
2026-03-24 09:24:54.250,20260324,92454250,000009.SZ,388770,1,0,8.73,14100
2026-03-24 09:24:54.710,20260324,92454710,000009.SZ,389550,1,0,8.68,100
2026-03-24 09:24:54.980,20260324,92454980,000009.SZ,390124,1,0,8.51,500
2026-03-24 09:24:55.380,20260324,92455380,000009.SZ,390980,2,0,8.58,100
2026-03-24 09:24:55.620,20260324,92455620,000009.SZ,391391,2,0,9.42,3000
2026-03-24 09:24:56.670,20260324,92456670,000009.SZ,394177,2,0,8.73,500
2026-03-24 09:24:57.060,20260324,92457060,000009.SZ,395105,1,0,9.43,200
2026-03-24 09:24:57.170,20260324,92457170,000009.SZ,395422,2,0,8.68,200
2026-03-24 09:24:57.190,20260324,92457190,000009.SZ,395474,2,0,8.68,100
2026-03-24 09:24:57.230,20260324,92457230,000009.SZ,395582,2,0,8.68,600
2026-03-24 09:24:57.280,20260324,92457280,000009.SZ,395682,1,0,8.52,200
2026-03-24 09:24:57.430,20260324,92457430,000009.SZ,396075,1,0,8.67,2600
2026-03-24 09:24:57.560,20260324,92457560,000009.SZ,396499,1,0,9.43,300
2026-03-24 09:24:57.690,20260324,92457690,000009.SZ,396883,1,0,9.43,100
2026-03-24 09:24:57.760,20260324,92457760,000009.SZ,397046,1,0,8.69,30000
2026-03-24 09:24:57.790,20260324,92457790,000009.SZ,397145,1,0,9.43,200
2026-03-24 09:24:57.790,20260324,92457790,000009.SZ,397152,2,0,8.66,100
2026-03-24 09:24:58.640,20260324,92458640,000009.SZ,399826,2,0,8.67,700
2026-03-24 09:24:58.740,20260324,92458740,000009.SZ,400172,2,0,8.48,2400
2026-03-24 09:24:59.010,20260324,92459010,000009.SZ,401147,1,0,9.4,200
2026-03-24 09:24:59.140,20260324,92459140,000009.SZ,401595,1,0,9.43,1200
2026-03-24 09:24:59.250,20260324,92459250,000009.SZ,402036,1,0,8.68,10000
2026-03-24 09:24:59.260,20260324,92459260,000009.SZ,402096,1,0,9.03,2100
2026-03-24 09:24:59.270,20260324,92459270,000009.SZ,402147,1,0,9.4,1600
2026-03-24 09:24:59.980,20260324,92459980,000009.SZ,408379,1,0,8.76,6300
2026-03-24 09:24:59.980,20260324,92459980,000009.SZ,408427,1,0,8.86,700
2026-03-24 09:24:59.980,20260324,92459980,000009.SZ,408467,1,0,8.76,3400
2026-03-24 09:24:59.980,20260324,92459980,000009.SZ,408544,1,0,8.76,3800
2026-03-24 09:24:59.980,20260324,92459980,000009.SZ,408552,1,0,8.76,4100
2026-03-24 09:24:59.980,20260324,92459980,000009.SZ,408661,1,0,8.76,100
2026-03-24 09:24:59.990,20260324,92459990,000009.SZ,408688,1,0,8.76,5700
2026-03-24 09:24:59.990,20260324,92459990,000009.SZ,408757,1,0,8.76,5900
2026-03-24 09:24:59.990,20260324,92459990,000009.SZ,409022,1,0,8.7,32400
2026-03-24 09:24:59.990,20260324,92459990,000009.SZ,409086,1,0,8.7,23700
2026-03-24 09:30:00.030,20260324,93000030,000009.SZ,483106,1,0,8.72,600
2026-03-24 09:30:00.030,20260324,93000030,000009.SZ,486043,1,0,8.76,3500
2026-03-24 09:30:00.030,20260324,93000030,000009.SZ,486121,2,0,8.71,300
2026-03-24 09:30:00.030,20260324,93000030,000009.SZ,487460,1,0,8.71,2100
2026-03-24 09:30:00.040,20260324,93000040,000009.SZ,487875,2,0,8.68,100
2026-03-24 09:30:00.040,20260324,93000040,000009.SZ,488923,2,0,8.57,600
2026-03-24 09:30:00.040,20260324,93000040,000009.SZ,489369,1,0,8.72,600
2026-03-24 09:30:00.040,20260324,93000040,000009.SZ,491041,1,0,8.71,1000
2026-03-24 09:30:00.040,20260324,93000040,000009.SZ,492052,2,0,9.0,2000
2026-03-24 09:30:00.040,20260324,93000040,000009.SZ,492863,2,0,8.55,600
2026-03-24 09:30:00.040,20260324,93000040,000009.SZ,492888,2,0,8.57,600
2026-03-24 09:30:00.050,20260324,93000050,000009.SZ,493869,2,0,8.68,1900
2026-03-24 09:30:00.050,20260324,93000050,000009.SZ,495068,2,0,8.7,1000
2026-03-24 09:30:00.050,20260324,93000050,000009.SZ,496289,2,0,8.7,600
2026-03-24 09:30:00.050,20260324,93000050,000009.SZ,496659,1,0,8.6,1000
2026-03-24 09:30:00.050,20260324,93000050,000009.SZ,497304,1,0,8.65,500
2026-03-24 09:30:00.060,20260324,93000060,000009.SZ,499612,2,0,8.57,600
2026-03-24 09:30:00.060,20260324,93000060,000009.SZ,500337,2,0,8.7,100
2026-03-24 09:30:00.060,20260324,93000060,000009.SZ,502042,2,0,9.41,3000
2026-03-24 09:30:00.060,20260324,93000060,000009.SZ,503740,2,0,8.7,1600
2026-03-24 09:30:00.060,20260324,93000060,000009.SZ,503936,1,0,8.71,500
2026-03-24 09:30:00.070,20260324,93000070,000009.SZ,506192,1,0,8.68,1000
2026-03-24 09:30:00.070,20260324,93000070,000009.SZ,507361,1,0,8.71,1000
2026-03-24 09:30:00.070,20260324,93000070,000009.SZ,508004,1,0,8.71,200
2026-03-24 09:30:00.080,20260324,93000080,000009.SZ,509619,1,0,8.71,1600
2026-03-24 09:30:00.080,20260324,93000080,000009.SZ,510026,1,0,8.61,10000
2026-03-24 09:30:00.080,20260324,93000080,000009.SZ,510556,1,0,8.55,20000
2026-03-24 09:30:00.080,20260324,93000080,000009.SZ,511879,2,0,9.0,800
2026-03-24 09:30:00.080,20260324,93000080,000009.SZ,513200,2,0,8.98,20000
2026-03-24 09:30:00.080,20260324,93000080,000009.SZ,513499,1,0,8.71,3000
2026-03-24 09:30:00.090,20260324,93000090,000009.SZ,515672,2,0,8.88,1200
2026-03-24 09:30:00.090,20260324,93000090,000009.SZ,515978,2,0,8.89,300
2026-03-24 09:30:00.090,20260324,93000090,000009.SZ,516599,2,0,8.95,4300
2026-03-24 09:30:00.090,20260324,93000090,000009.SZ,517007,2,0,8.74,6000
2026-03-24 09:30:00.100,20260324,93000100,000009.SZ,521150,2,0,8.72,700
2026-03-24 09:30:00.100,20260324,93000100,000009.SZ,521346,2,0,8.56,200
2026-03-24 09:30:00.100,20260324,93000100,000009.SZ,523114,2,0,8.7,10000
2026-03-24 09:30:00.100,20260324,93000100,000009.SZ,523857,2,0,8.75,1000
2026-03-24 09:30:00.100,20260324,93000100,000009.SZ,523899,2,0,8.8,100
2026-03-24 09:30:00.110,20260324,93000110,000009.SZ,525625,1,0,8.57,200
2026-03-24 09:30:00.110,20260324,93000110,000009.SZ,525858,2,0,8.7,1000
2026-03-24 09:30:00.110,20260324,93000110,000009.SZ,527960,2,0,9.43,500
2026-03-24 09:30:00.110,20260324,93000110,000009.SZ,528356,1,0,8.71,200
2026-03-24 09:30:00.110,20260324,93000110,000009.SZ,528463,1,0,8.72,300
2026-03-24 09:30:00.120,20260324,93000120,000009.SZ,529822,1,0,8.61,40600
2026-03-24 09:30:00.120,20260324,93000120,000009.SZ,531597,2,0,8.82,2000
2026-03-24 09:30:00.120,20260324,93000120,000009.SZ,532240,2,0,9.12,2500
2026-03-24 09:30:00.120,20260324,93000120,000009.SZ,532745,2,0,9.26,3300
2026-03-24 09:30:00.120,20260324,93000120,000009.SZ,532810,1,0,8.67,200
2026-03-24 09:30:00.120,20260324,93000120,000009.SZ,533806,2,0,9.25,4000
2026-03-24 09:30:00.130,20260324,93000130,000009.SZ,535569,1,0,8.3,1000
2026-03-24 09:30:00.130,20260324,93000130,000009.SZ,536813,2,0,9.13,1900
2026-03-24 09:30:00.130,20260324,93000130,000009.SZ,537133,2,0,9.35,600
2026-03-24 09:30:00.130,20260324,93000130,000009.SZ,537166,1,0,8.71,2500
2026-03-24 09:30:00.140,20260324,93000140,000009.SZ,540710,2,0,9.36,500
2026-03-24 09:30:00.140,20260324,93000140,000009.SZ,543330,2,0,9.43,17000
2026-03-24 09:30:00.140,20260324,93000140,000009.SZ,544168,1,0,8.71,1600
2026-03-24 09:30:00.140,20260324,93000140,000009.SZ,545486,1,0,8.71,1000
2026-03-24 09:30:00.150,20260324,93000150,000009.SZ,545738,2,0,8.71,300
2026-03-24 09:30:00.150,20260324,93000150,000009.SZ,545784,1,0,8.71,200
2026-03-24 09:30:00.150,20260324,93000150,000009.SZ,546169,2,0,8.87,15400
2026-03-24 09:30:00.150,20260324,93000150,000009.SZ,546865,1,0,8.71,1000
2026-03-24 09:30:00.150,20260324,93000150,000009.SZ,548242,2,0,8.7,1000
2026-03-24 09:30:00.150,20260324,93000150,000009.SZ,548763,2,0,8.85,1000
2026-03-24 09:30:00.150,20260324,93000150,000009.SZ,548954,2,0,8.8,1000
2026-03-24 09:30:00.150,20260324,93000150,000009.SZ,549817,2,0,8.81,1000
2026-03-24 09:30:00.160,20260324,93000160,000009.SZ,550319,1,0,8.71,5700
2026-03-24 09:30:00.160,20260324,93000160,000009.SZ,550803,1,0,8.71,5900
2026-03-24 09:30:00.160,20260324,93000160,000009.SZ,551109,1,0,8.45,100
2026-03-24 09:30:00.160,20260324,93000160,000009.SZ,551701,2,0,9.12,2200
2026-03-24 09:30:00.160,20260324,93000160,000009.SZ,553724,1,0,8.6,3500
2026-03-24 09:30:00.170,20260324,93000170,000009.SZ,554086,2,0,8.88,2000
2026-03-24 09:30:00.170,20260324,93000170,000009.SZ,554793,2,0,9.4,900
2026-03-24 09:30:00.170,20260324,93000170,000009.SZ,557333,1,0,8.69,1300
2026-03-24 09:30:00.170,20260324,93000170,000009.SZ,557853,2,0,8.71,7000
2026-03-24 09:30:00.170,20260324,93000170,000009.SZ,558342,2,0,8.78,10000
2026-03-24 09:30:00.180,20260324,93000180,000009.SZ,559650,2,0,8.85,5000
2026-03-24 09:30:00.180,20260324,93000180,000009.SZ,560305,2,0,8.71,1400
2026-03-24 09:30:00.180,20260324,93000180,000009.SZ,560530,2,0,8.7,200
2026-03-24 09:30:00.180,20260324,93000180,000009.SZ,561281,2,0,9.0,500
2026-03-24 09:30:00.180,20260324,93000180,000009.SZ,561483,1,0,8.73,13500
2026-03-24 09:30:00.180,20260324,93000180,000009.SZ,561516,1,0,8.71,200
2026-03-24 09:30:00.180,20260324,93000180,000009.SZ,561977,2,0,8.78,600
2026-03-24 09:30:00.180,20260324,93000180,000009.SZ,562835,2,0,9.28,1000
2026-03-24 09:30:00.190,20260324,93000190,000009.SZ,563358,2,0,8.76,1000
2026-03-24 09:30:00.190,20260324,93000190,000009.SZ,563409,2,0,8.72,5300
2026-03-24 09:30:00.190,20260324,93000190,000009.SZ,564160,2,0,9.08,3400
2026-03-24 09:30:00.190,20260324,93000190,000009.SZ,566969,1,0,7.77,100
2026-03-24 09:30:00.200,20260324,93000200,000009.SZ,568546,2,0,8.9,500
2026-03-24 09:30:00.200,20260324,93000200,000009.SZ,569334,2,0,8.82,1400
2026-03-24 09:30:00.200,20260324,93000200,000009.SZ,571307,2,0,8.71,700
2026-03-24 09:30:00.210,20260324,93000210,000009.SZ,571934,1,0,8.68,2400
2026-03-24 09:30:00.210,20260324,93000210,000009.SZ,573568,1,0,8.7,1400
2026-03-24 09:30:00.210,20260324,93000210,000009.SZ,573665,2,0,8.7,2000
2026-03-24 09:30:00.210,20260324,93000210,000009.SZ,573687,2,0,8.79,1000
2026-03-24 09:30:00.210,20260324,93000210,000009.SZ,574954,2,0,8.89,1000
2026-03-24 09:30:00.220,20260324,93000220,000009.SZ,575282,1,0,8.71,1100
2026-03-24 09:30:00.220,20260324,93000220,000009.SZ,575998,2,0,8.88,600
2026-03-24 09:30:00.220,20260324,93000220,000009.SZ,577186,2,0,8.85,200
2026-03-24 09:30:00.230,20260324,93000230,000009.SZ,581455,1,0,8.67,1000
2026-03-24 09:30:00.230,20260324,93000230,000009.SZ,582196,1,0,8.71,100
2026-03-24 09:30:00.240,20260324,93000240,000009.SZ,582264,1,0,8.6,3000
2026-03-24 09:30:00.240,20260324,93000240,000009.SZ,583156,2,0,9.38,1000
2026-03-24 09:30:00.240,20260324,93000240,000009.SZ,583918,2,0,8.8,1700
2026-03-24 09:30:00.240,20260324,93000240,000009.SZ,584785,2,0,8.7,5000
2026-03-24 09:30:00.240,20260324,93000240,000009.SZ,585328,2,0,9.43,1000
2026-03-24 09:30:00.240,20260324,93000240,000009.SZ,585451,2,0,9.35,500
2026-03-24 09:30:00.240,20260324,93000240,000009.SZ,585642,2,0,8.81,1700
2026-03-24 09:30:00.240,20260324,93000240,000009.SZ,585664,2,0,8.82,1700
2026-03-24 09:30:00.240,20260324,93000240,000009.SZ,585739,2,0,8.83,1700
2026-03-24 09:30:00.250,20260324,93000250,000009.SZ,585981,2,0,8.7,1600
2026-03-24 09:30:00.250,20260324,93000250,000009.SZ,586151,2,0,9.25,1200
2026-03-24 09:30:00.250,20260324,93000250,000009.SZ,586268,2,0,8.73,500
2026-03-24 09:30:00.260,20260324,93000260,000009.SZ,591066,2,0,8.74,500
2026-03-24 09:30:00.260,20260324,93000260,000009.SZ,591181,2,0,8.7,1000
2026-03-24 09:30:00.270,20260324,93000270,000009.SZ,593826,2,0,9.4,1500
2026-03-24 09:30:00.270,20260324,93000270,000009.SZ,593959,2,0,8.76,3500
2026-03-24 09:30:00.270,20260324,93000270,000009.SZ,594366,1,0,8.7,1000
2026-03-24 09:30:00.270,20260324,93000270,000009.SZ,594668,2,0,9.33,500
2026-03-24 09:30:00.270,20260324,93000270,000009.SZ,595139,1,0,8.71,5800
2026-03-24 09:30:00.270,20260324,93000270,000009.SZ,595332,2,0,9.27,500
2026-03-24 09:30:00.270,20260324,93000270,000009.SZ,595524,2,0,9.0,500
2026-03-24 09:30:00.270,20260324,93000270,000009.SZ,595740,1,0,8.7,1000
2026-03-24 09:30:00.280,20260324,93000280,000009.SZ,596774,2,0,8.81,40000
2026-03-24 09:30:00.280,20260324,93000280,000009.SZ,597375,2,0,9.43,100
2026-03-24 09:30:00.280,20260324,93000280,000009.SZ,597554,2,0,8.85,1000
2026-03-24 09:30:00.280,20260324,93000280,000009.SZ,598397,2,0,8.71,100
2026-03-24 09:30:00.290,20260324,93000290,000009.SZ,599123,1,0,8.71,5000
2026-03-24 09:30:00.290,20260324,93000290,000009.SZ,599693,1,0,8.71,600
2026-03-24 09:30:00.290,20260324,93000290,000009.SZ,600084,2,0,8.91,500
2026-03-24 09:30:00.290,20260324,93000290,000009.SZ,600178,2,0,9.42,3000
2026-03-24 09:30:00.290,20260324,93000290,000009.SZ,600558,2,0,8.94,500
2026-03-24 09:30:00.290,20260324,93000290,000009.SZ,600757,2,0,8.7,3400
2026-03-24 09:30:00.290,20260324,93000290,000009.SZ,601398,1,0,8.71,2000
2026-03-24 09:30:00.300,20260324,93000300,000009.SZ,601935,1,0,8.71,1700
2026-03-24 09:30:00.300,20260324,93000300,000009.SZ,602780,2,0,8.74,1500
2026-03-24 09:30:00.300,20260324,93000300,000009.SZ,603677,2,0,8.71,900
2026-03-24 09:30:00.310,20260324,93000310,000009.SZ,605707,2,0,8.7,3000
2026-03-24 09:30:00.310,20260324,93000310,000009.SZ,606121,2,0,8.74,3100
2026-03-24 09:30:00.310,20260324,93000310,000009.SZ,606597,2,0,9.39,3100
2026-03-24 09:30:00.310,20260324,93000310,000009.SZ,606726,2,0,8.79,1000
2026-03-24 09:30:00.320,20260324,93000320,000009.SZ,607216,1,0,8.7,200
2026-03-24 09:30:00.320,20260324,93000320,000009.SZ,608038,2,0,9.4,1200
2026-03-24 09:30:00.320,20260324,93000320,000009.SZ,609075,1,0,8.68,3200
2026-03-24 09:30:00.330,20260324,93000330,000009.SZ,610458,2,0,8.87,500
2026-03-24 09:30:00.330,20260324,93000330,000009.SZ,610603,2,0,8.77,2000
2026-03-24 09:30:00.330,20260324,93000330,000009.SZ,610817,1,0,8.71,1300
2026-03-24 09:30:00.330,20260324,93000330,000009.SZ,611315,2,0,9.42,400
2026-03-24 09:30:00.330,20260324,93000330,000009.SZ,611498,2,0,8.66,800
2026-03-24 09:30:00.330,20260324,93000330,000009.SZ,611556,2,0,8.74,600
2026-03-24 09:30:00.330,20260324,93000330,000009.SZ,612418,2,0,8.8,1000
2026-03-24 09:30:00.340,20260324,93000340,000009.SZ,613326,1,0,8.7,500
2026-03-24 09:30:00.340,20260324,93000340,000009.SZ,613760,1,0,8.76,5000
2026-03-24 09:30:00.340,20260324,93000340,000009.SZ,613950,1,0,8.02,100
2026-03-24 09:30:00.340,20260324,93000340,000009.SZ,613955,1,0,8.26,100
2026-03-24 09:30:00.340,20260324,93000340,000009.SZ,613966,1,0,8.31,100
2026-03-24 09:30:00.340,20260324,93000340,000009.SZ,613967,1,0,7.99,100
2026-03-24 09:30:00.340,20260324,93000340,000009.SZ,613989,1,0,8.13,100
2026-03-24 09:30:00.340,20260324,93000340,000009.SZ,614021,1,0,8.22,100
2026-03-24 09:30:00.340,20260324,93000340,000009.SZ,614024,1,0,7.95,100
2026-03-24 09:30:00.340,20260324,93000340,000009.SZ,614027,1,0,7.97,100
2026-03-24 09:30:00.340,20260324,93000340,000009.SZ,614036,1,0,8.4,100
2026-03-24 09:30:00.340,20260324,93000340,000009.SZ,614043,1,0,8.41,100
2026-03-24 09:30:00.340,20260324,93000340,000009.SZ,614044,1,0,8.05,100
2026-03-24 09:30:00.340,20260324,93000340,000009.SZ,614050,1,0,8.1,100
2026-03-24 09:30:00.340,20260324,93000340,000009.SZ,614062,1,0,8.3,100
2026-03-24 09:30:00.340,20260324,93000340,000009.SZ,614082,1,0,8.07,100
2026-03-24 09:30:00.340,20260324,93000340,000009.SZ,614091,1,0,8.17,100
2026-03-24 09:30:00.340,20260324,93000340,000009.SZ,614093,1,0,8.34,100
2026-03-24 09:30:00.340,20260324,93000340,000009.SZ,614202,1,0,8.23,100
2026-03-24 09:30:00.340,20260324,93000340,000009.SZ,614467,1,0,8.2,100
2026-03-24 09:30:00.340,20260324,93000340,000009.SZ,614478,1,0,8.11,100
2026-03-24 09:30:00.340,20260324,93000340,000009.SZ,614922,1,0,8.16,100
2026-03-24 09:30:00.340,20260324,93000340,000009.SZ,615258,2,0,8.89,1200
2026-03-24 09:30:00.340,20260324,93000340,000009.SZ,615462,1,0,8.69,1000
2026-03-24 09:30:00.350,20260324,93000350,000009.SZ,616873,2,0,8.71,1400
2026-03-24 09:30:00.350,20260324,93000350,000009.SZ,617043,2,0,8.9,400
2026-03-24 09:30:00.350,20260324,93000350,000009.SZ,617154,2,0,8.71,100
2026-03-24 09:30:00.350,20260324,93000350,000009.SZ,617172,2,0,8.71,700
2026-03-24 09:30:00.350,20260324,93000350,000009.SZ,617300,2,0,8.71,400
2026-03-24 09:30:00.350,20260324,93000350,000009.SZ,617335,2,0,8.71,500
2026-03-24 09:30:00.350,20260324,93000350,000009.SZ,617560,2,0,8.79,500
2026-03-24 09:30:00.360,20260324,93000360,000009.SZ,618996,1,0,8.71,600
2026-03-24 09:30:00.360,20260324,93000360,000009.SZ,619792,2,0,8.86,20000
2026-03-24 09:30:00.370,20260324,93000370,000009.SZ,621666,1,0,8.43,1000
2026-03-24 09:30:00.370,20260324,93000370,000009.SZ,621782,2,0,8.9,10000
2026-03-24 09:30:00.370,20260324,93000370,000009.SZ,621936,1,0,8.7,100
2026-03-24 09:30:00.370,20260324,93000370,000009.SZ,622690,2,0,8.75,1600
2026-03-24 09:30:00.370,20260324,93000370,000009.SZ,622929,1,0,8.27,100
2026-03-24 09:30:00.380,20260324,93000380,000009.SZ,624025,2,0,9.43,2500
2026-03-24 09:30:00.380,20260324,93000380,000009.SZ,624891,2,0,8.95,10000
2026-03-24 09:30:00.380,20260324,93000380,000009.SZ,625898,2,0,8.7,8000
2026-03-24 09:30:00.380,20260324,93000380,000009.SZ,626647,2,0,9.02,2000
2026-03-24 09:30:00.390,20260324,93000390,000009.SZ,627568,1,0,8.37,100
2026-03-24 09:30:00.390,20260324,93000390,000009.SZ,628282,2,0,8.71,100
2026-03-24 09:30:00.400,20260324,93000400,000009.SZ,629006,2,0,8.71,100
2026-03-24 09:30:00.400,20260324,93000400,000009.SZ,629021,1,0,8.71,700
2026-03-24 09:30:00.400,20260324,93000400,000009.SZ,629055,2,0,8.71,400
2026-03-24 09:30:00.400,20260324,93000400,000009.SZ,629746,2,0,8.71,100
2026-03-24 09:30:00.400,20260324,93000400,000009.SZ,630247,2,0,8.9,900
2026-03-24 09:30:00.410,20260324,93000410,000009.SZ,630844,2,0,8.71,200
2026-03-24 09:30:00.410,20260324,93000410,000009.SZ,631385,1,0,8.71,1900
2026-03-24 09:30:00.420,20260324,93000420,000009.SZ,633898,2,0,8.72,100
2026-03-24 09:30:00.440,20260324,93000440,000009.SZ,636874,1,0,8.36,100
2026-03-24 09:30:00.440,20260324,93000440,000009.SZ,637348,2,0,8.78,1200
2026-03-24 09:30:00.440,20260324,93000440,000009.SZ,637653,1,0,8.08,700
2026-03-24 09:30:00.450,20260324,93000450,000009.SZ,638002,1,0,8.65,900
2026-03-24 09:30:00.450,20260324,93000450,000009.SZ,638177,1,0,8.72,100
2026-03-24 09:30:00.460,20260324,93000460,000009.SZ,639617,2,0,8.71,100
2026-03-24 09:30:00.470,20260324,93000470,000009.SZ,641405,2,0,8.89,400
2026-03-24 09:30:00.470,20260324,93000470,000009.SZ,642036,2,0,8.98,600
2026-03-24 09:30:00.480,20260324,93000480,000009.SZ,644223,2,0,8.8,200
2026-03-24 09:30:00.490,20260324,93000490,000009.SZ,644863,1,0,8.5,700
2026-03-24 09:30:00.490,20260324,93000490,000009.SZ,645331,2,0,9.43,1900
2026-03-24 09:30:00.490,20260324,93000490,000009.SZ,645387,2,0,9.06,200
2026-03-24 09:30:00.500,20260324,93000500,000009.SZ,647045,2,0,9.15,6900
2026-03-24 09:30:00.510,20260324,93000510,000009.SZ,648340,2,0,8.72,100
2026-03-24 09:30:00.510,20260324,93000510,000009.SZ,649113,1,0,8.65,3000
2026-03-24 09:30:00.520,20260324,93000520,000009.SZ,649542,2,0,8.8,5000
2026-03-24 09:30:00.520,20260324,93000520,000009.SZ,649642,2,0,9.28,500
2026-03-24 09:30:00.520,20260324,93000520,000009.SZ,650331,1,0,8.7,1000
2026-03-24 09:30:00.520,20260324,93000520,000009.SZ,650647,1,0,8.71,3000
2026-03-24 09:30:00.520,20260324,93000520,000009.SZ,650935,2,0,9.14,2600
2026-03-24 09:30:00.520,20260324,93000520,000009.SZ,651000,1,0,8.71,1900
2026-03-24 09:30:00.530,20260324,93000530,000009.SZ,651263,2,0,8.75,700
2026-03-24 09:30:00.530,20260324,93000530,000009.SZ,651564,1,0,8.71,5000
2026-03-24 09:30:00.540,20260324,93000540,000009.SZ,652937,1,0,8.68,400
2026-03-24 09:30:00.540,20260324,93000540,000009.SZ,653422,2,0,8.73,900
2026-03-24 09:30:00.540,20260324,93000540,000009.SZ,653603,1,0,8.61,1000
2026-03-24 09:30:00.560,20260324,93000560,000009.SZ,655839,2,0,8.7,1000
2026-03-24 09:30:00.560,20260324,93000560,000009.SZ,655885,2,0,9.35,4500
2026-03-24 09:30:00.560,20260324,93000560,000009.SZ,656236,2,0,8.7,1000
2026-03-24 09:30:00.570,20260324,93000570,000009.SZ,658336,2,0,8.71,3000
2026-03-24 09:30:00.580,20260324,93000580,000009.SZ,660230,1,0,8.73,1000
2026-03-24 09:30:00.590,20260324,93000590,000009.SZ,660333,1,0,8.71,800
2026-03-24 09:30:00.590,20260324,93000590,000009.SZ,660855,2,0,8.75,2000
2026-03-24 09:30:00.590,20260324,93000590,000009.SZ,661763,2,0,9.2,800
2026-03-24 09:30:00.610,20260324,93000610,000009.SZ,664604,2,0,9.29,1600
2026-03-24 09:30:00.620,20260324,93000620,000009.SZ,664845,1,0,8.7,1200
2026-03-24 09:30:00.620,20260324,93000620,000009.SZ,665083,1,0,8.66,1300
2026-03-24 09:30:00.630,20260324,93000630,000009.SZ,666634,1,0,8.71,6200
2026-03-24 09:30:00.630,20260324,93000630,000009.SZ,666896,1,0,8.6,6000
2026-03-24 09:30:00.630,20260324,93000630,000009.SZ,667203,2,0,9.43,500
2026-03-24 09:30:00.630,20260324,93000630,000009.SZ,667210,2,0,8.7,400
2026-03-24 09:30:00.640,20260324,93000640,000009.SZ,667625,1,0,8.71,300
2026-03-24 09:30:00.640,20260324,93000640,000009.SZ,668839,2,0,8.73,1100
2026-03-24 09:30:00.650,20260324,93000650,000009.SZ,670145,2,0,8.88,2300
2026-03-24 09:30:00.650,20260324,93000650,000009.SZ,670151,1,0,8.73,400
2026-03-24 09:30:00.650,20260324,93000650,000009.SZ,671156,2,0,9.01,19200
2026-03-24 09:30:00.660,20260324,93000660,000009.SZ,672075,1,0,8.7,1000
2026-03-24 09:30:00.660,20260324,93000660,000009.SZ,672329,2,0,8.72,600
2026-03-24 09:30:00.660,20260324,93000660,000009.SZ,672519,2,0,8.84,1700
2026-03-24 09:30:00.660,20260324,93000660,000009.SZ,672576,2,0,8.69,300
2026-03-24 09:30:00.660,20260324,93000660,000009.SZ,672817,2,0,8.85,1700
2026-03-24 09:30:00.660,20260324,93000660,000009.SZ,673154,2,0,8.86,1700
2026-03-24 09:30:00.660,20260324,93000660,000009.SZ,673415,2,0,8.87,1700
2026-03-24 09:30:00.670,20260324,93000670,000009.SZ,673776,2,0,8.88,1700
2026-03-24 09:30:00.670,20260324,93000670,000009.SZ,673896,2,0,8.89,1700
2026-03-24 09:30:00.670,20260324,93000670,000009.SZ,674776,2,0,8.72,600
2026-03-24 09:30:00.680,20260324,93000680,000009.SZ,676050,2,0,8.69,600
2026-03-24 09:30:00.680,20260324,93000680,000009.SZ,676434,2,0,8.69,300
2026-03-24 09:30:00.680,20260324,93000680,000009.SZ,676579,2,0,8.78,3500
2026-03-24 09:30:00.680,20260324,93000680,000009.SZ,676613,2,0,8.69,500
2026-03-24 09:30:00.690,20260324,93000690,000009.SZ,677145,2,0,8.7,100
2026-03-24 09:30:00.700,20260324,93000700,000009.SZ,678810,2,0,8.9,1700
2026-03-24 09:30:00.700,20260324,93000700,000009.SZ,679319,2,0,8.79,2300
2026-03-24 09:30:00.700,20260324,93000700,000009.SZ,679626,2,0,9.2,10800
2026-03-24 09:30:00.710,20260324,93000710,000009.SZ,680026,1,0,8.66,2000
2026-03-24 09:30:00.710,20260324,93000710,000009.SZ,680731,1,0,8.7,6000
2026-03-24 09:30:00.720,20260324,93000720,000009.SZ,681475,1,0,8.57,500
2026-03-24 09:30:00.720,20260324,93000720,000009.SZ,682087,1,0,8.61,500
2026-03-24 09:30:00.720,20260324,93000720,000009.SZ,682872,2,0,9.01,4000
2026-03-24 09:30:00.730,20260324,93000730,000009.SZ,683439,2,0,8.87,2000
2026-03-24 09:30:00.730,20260324,93000730,000009.SZ,683702,2,0,8.8,2000
2026-03-24 09:30:00.740,20260324,93000740,000009.SZ,684499,2,0,8.98,3000
2026-03-24 09:30:00.750,20260324,93000750,000009.SZ,685501,2,0,8.72,600
2026-03-24 09:30:00.750,20260324,93000750,000009.SZ,685683,2,0,8.84,500
2026-03-24 09:30:00.750,20260324,93000750,000009.SZ,686126,2,0,8.88,4000
2026-03-24 09:30:00.750,20260324,93000750,000009.SZ,686440,1,0,8.67,1000
2026-03-24 09:30:00.760,20260324,93000760,000009.SZ,686921,2,0,9.43,1100
2026-03-24 09:30:00.770,20260324,93000770,000009.SZ,688112,2,0,8.85,2000
2026-03-24 09:30:00.770,20260324,93000770,000009.SZ,688564,2,0,8.8,3500
2026-03-24 09:30:00.770,20260324,93000770,000009.SZ,688689,1,0,8.68,5000
2026-03-24 09:30:00.780,20260324,93000780,000009.SZ,689357,2,0,8.8,300
2026-03-24 09:30:00.780,20260324,93000780,000009.SZ,689604,2,0,8.89,500
2026-03-24 09:30:00.780,20260324,93000780,000009.SZ,689945,2,0,8.72,100
2026-03-24 09:30:00.790,20260324,93000790,000009.SZ,692084,2,0,9.0,1000
2026-03-24 09:30:00.810,20260324,93000810,000009.SZ,693678,2,0,9.18,1500
2026-03-24 09:30:00.810,20260324,93000810,000009.SZ,694716,2,0,9.09,800
2026-03-24 09:30:00.810,20260324,93000810,000009.SZ,694735,2,0,9.43,800
2026-03-24 09:30:00.810,20260324,93000810,000009.SZ,694759,2,0,8.75,100
2026-03-24 09:30:00.820,20260324,93000820,000009.SZ,694954,2,0,8.91,1700
2026-03-24 09:30:00.820,20260324,93000820,000009.SZ,695716,1,0,8.7,1400
2026-03-24 09:30:00.830,20260324,93000830,000009.SZ,696748,2,0,8.8,400
2026-03-24 09:30:00.830,20260324,93000830,000009.SZ,696762,2,0,8.82,3000
2026-03-24 09:30:00.840,20260324,93000840,000009.SZ,697999,2,0,9.15,3200
2026-03-24 09:30:00.870,20260324,93000870,000009.SZ,700774,2,0,9.19,800
2026-03-24 09:30:00.870,20260324,93000870,000009.SZ,700817,2,0,8.7,1000
2026-03-24 09:30:00.880,20260324,93000880,000009.SZ,702618,1,0,8.71,2600
2026-03-24 09:30:00.890,20260324,93000890,000009.SZ,703110,2,0,9.43,400
2026-03-24 09:30:00.890,20260324,93000890,000009.SZ,703361,1,0,8.74,60000
2026-03-24 09:30:00.890,20260324,93000890,000009.SZ,703955,2,0,8.78,200
2026-03-24 09:30:00.900,20260324,93000900,000009.SZ,704064,2,0,8.92,800
2026-03-24 09:30:00.900,20260324,93000900,000009.SZ,704965,2,0,8.7,50000
2026-03-24 09:30:00.910,20260324,93000910,000009.SZ,705389,1,0,8.7,600
2026-03-24 09:30:00.910,20260324,93000910,000009.SZ,706129,2,0,8.73,100
2026-03-24 09:30:00.920,20260324,93000920,000009.SZ,706832,1,0,8.4,700
2026-03-24 09:30:00.920,20260324,93000920,000009.SZ,707818,1,0,8.7,200
2026-03-24 09:30:00.930,20260324,93000930,000009.SZ,708269,2,0,8.78,3000
2026-03-24 09:30:00.930,20260324,93000930,000009.SZ,708817,2,0,8.76,1700
2026-03-24 09:30:00.930,20260324,93000930,000009.SZ,708948,2,0,8.83,800
2026-03-24 09:30:00.940,20260324,93000940,000009.SZ,709376,2,0,8.81,500
2026-03-24 09:30:00.950,20260324,93000950,000009.SZ,710258,2,0,9.2,5000
2026-03-24 09:30:00.950,20260324,93000950,000009.SZ,710519,1,0,8.6,1000
2026-03-24 09:30:00.950,20260324,93000950,000009.SZ,710600,1,0,8.3,700
2026-03-24 09:30:00.950,20260324,93000950,000009.SZ,711005,1,0,8.7,300
2026-03-24 09:30:00.960,20260324,93000960,000009.SZ,712263,2,0,8.73,5000
2026-03-24 09:30:00.960,20260324,93000960,000009.SZ,712268,2,0,8.76,5000
2026-03-24 09:30:00.970,20260324,93000970,000009.SZ,712407,2,0,8.8,100
2026-03-24 09:30:00.970,20260324,93000970,000009.SZ,712640,2,0,9.07,800
2026-03-24 09:30:00.970,20260324,93000970,000009.SZ,712981,1,0,8.62,2000
2026-03-24 09:30:00.980,20260324,93000980,000009.SZ,715108,2,1,0.0,100
2026-03-24 09:30:00.980,20260324,93000980,000009.SZ,715359,1,0,8.7,1000
2026-03-24 09:30:00.980,20260324,93000980,000009.SZ,715753,2,0,8.81,5000
2026-03-24 09:30:00.990,20260324,93000990,000009.SZ,715916,1,0,8.2,700
2026-03-24 09:30:00.990,20260324,93000990,000009.SZ,716027,1,0,8.71,7800
2026-03-24 09:30:00.990,20260324,93000990,000009.SZ,716080,2,0,9.13,100
2026-03-24 09:30:01.010,20260324,93001010,000009.SZ,718452,2,0,8.74,1000
2026-03-24 09:30:01.010,20260324,93001010,000009.SZ,719136,1,0,8.71,2000
2026-03-24 09:30:01.020,20260324,93001020,000009.SZ,719626,2,0,8.92,200
2026-03-24 09:30:01.020,20260324,93001020,000009.SZ,719728,2,0,8.73,12600
2026-03-24 09:30:01.030,20260324,93001030,000009.SZ,720640,1,0,8.75,700
2026-03-24 09:30:01.040,20260324,93001040,000009.SZ,721624,2,0,9.24,200
2026-03-24 09:30:01.040,20260324,93001040,000009.SZ,722145,2,0,9.42,4000
2026-03-24 09:30:01.050,20260324,93001050,000009.SZ,722843,2,0,9.1,600
2026-03-24 09:30:01.050,20260324,93001050,000009.SZ,722906,1,0,8.71,500
2026-03-24 09:30:01.050,20260324,93001050,000009.SZ,723729,2,0,9.2,300
2026-03-24 09:30:01.070,20260324,93001070,000009.SZ,725228,1,0,8.71,400
2026-03-24 09:30:01.070,20260324,93001070,000009.SZ,725268,2,0,9.2,500
2026-03-24 09:30:01.070,20260324,93001070,000009.SZ,725307,1,0,8.1,700
2026-03-24 09:30:01.090,20260324,93001090,000009.SZ,727793,1,0,8.68,2000
2026-03-24 09:30:01.090,20260324,93001090,000009.SZ,728189,1,0,8.71,5000
2026-03-24 09:30:01.100,20260324,93001100,000009.SZ,729237,2,0,8.82,1000
2026-03-24 09:30:01.100,20260324,93001100,000009.SZ,729577,2,0,8.88,3000
2026-03-24 09:30:01.110,20260324,93001110,000009.SZ,729786,1,0,8.71,10000
2026-03-24 09:30:01.110,20260324,93001110,000009.SZ,730208,2,0,8.71,700
2026-03-24 09:30:01.110,20260324,93001110,000009.SZ,730390,2,0,8.88,2000
2026-03-24 09:30:01.120,20260324,93001120,000009.SZ,731549,1,0,8.58,2200
2026-03-24 09:30:01.140,20260324,93001140,000009.SZ,733595,1,0,8.63,4700
2026-03-24 09:30:01.140,20260324,93001140,000009.SZ,734321,2,0,8.71,600
2026-03-24 09:30:01.160,20260324,93001160,000009.SZ,735456,2,0,8.88,4000
2026-03-24 09:30:01.180,20260324,93001180,000009.SZ,737399,1,0,8.71,600
2026-03-24 09:30:01.190,20260324,93001190,000009.SZ,738411,2,0,8.82,8500
2026-03-24 09:30:01.190,20260324,93001190,000009.SZ,738710,2,0,8.71,100
2026-03-24 09:30:01.190,20260324,93001190,000009.SZ,738851,2,0,8.95,2000
2026-03-24 09:30:01.200,20260324,93001200,000009.SZ,739387,2,0,8.71,1100
2026-03-24 09:30:01.200,20260324,93001200,000009.SZ,739392,2,0,8.89,2000
2026-03-24 09:30:01.200,20260324,93001200,000009.SZ,740219,1,0,8.71,800
2026-03-24 09:30:01.200,20260324,93001200,000009.SZ,740427,2,0,8.71,300
2026-03-24 09:30:01.200,20260324,93001200,000009.SZ,740434,2,0,8.71,400
2026-03-24 09:30:01.210,20260324,93001210,000009.SZ,740751,2,0,8.8,7500
2026-03-24 09:30:01.210,20260324,93001210,000009.SZ,741028,2,0,8.71,1000
2026-03-24 09:30:01.210,20260324,93001210,000009.SZ,741111,2,0,8.71,100
2026-03-24 09:30:01.210,20260324,93001210,000009.SZ,741364,1,0,8.71,6300
2026-03-24 09:30:01.210,20260324,93001210,000009.SZ,741674,2,0,8.93,10000
2026-03-24 09:30:01.220,20260324,93001220,000009.SZ,742672,2,0,8.75,3400
2026-03-24 09:30:01.220,20260324,93001220,000009.SZ,742957,2,0,8.7,500
2026-03-24 09:30:01.230,20260324,93001230,000009.SZ,743775,2,0,9.41,500
2026-03-24 09:30:01.230,20260324,93001230,000009.SZ,744019,2,0,9.13,3000
2026-03-24 09:30:01.240,20260324,93001240,000009.SZ,744393,2,0,8.88,3000
2026-03-24 09:30:01.240,20260324,93001240,000009.SZ,744979,2,0,8.8,3300
2026-03-24 09:30:01.250,20260324,93001250,000009.SZ,745567,2,0,8.89,1000
2026-03-24 09:30:01.250,20260324,93001250,000009.SZ,745965,2,0,9.13,300
2026-03-24 09:30:01.250,20260324,93001250,000009.SZ,746347,2,0,9.03,200
2026-03-24 09:30:01.250,20260324,93001250,000009.SZ,746355,1,0,8.71,400
2026-03-24 09:30:01.250,20260324,93001250,000009.SZ,746862,2,0,9.37,1500
2026-03-24 09:30:01.260,20260324,93001260,000009.SZ,746990,1,0,8.7,500
2026-03-24 09:30:01.260,20260324,93001260,000009.SZ,747027,2,0,8.9,2000
2026-03-24 09:30:01.270,20260324,93001270,000009.SZ,748324,1,0,8.63,2000
2026-03-24 09:30:01.280,20260324,93001280,000009.SZ,749570,1,0,8.71,300
2026-03-24 09:30:01.300,20260324,93001300,000009.SZ,752191,2,0,9.32,1800
2026-03-24 09:30:01.300,20260324,93001300,000009.SZ,752236,2,0,8.87,11200
2026-03-24 09:30:01.300,20260324,93001300,000009.SZ,752443,2,0,9.42,2000
2026-03-24 09:30:01.320,20260324,93001320,000009.SZ,754078,1,0,8.71,1000
2026-03-24 09:30:01.330,20260324,93001330,000009.SZ,754994,2,0,8.82,1000
2026-03-24 09:30:01.330,20260324,93001330,000009.SZ,756329,2,0,8.75,1000
2026-03-24 09:30:01.340,20260324,93001340,000009.SZ,756415,1,0,8.72,2000
2026-03-24 09:30:01.340,20260324,93001340,000009.SZ,756420,2,0,8.98,400
2026-03-24 09:30:01.340,20260324,93001340,000009.SZ,756938,2,0,9.34,100
2026-03-24 09:30:01.360,20260324,93001360,000009.SZ,759664,2,0,9.0,3000
2026-03-24 09:30:01.370,20260324,93001370,000009.SZ,761294,1,0,8.72,200
2026-03-24 09:30:01.370,20260324,93001370,000009.SZ,761362,1,0,8.71,500
2026-03-24 09:30:01.370,20260324,93001370,000009.SZ,761394,2,0,9.43,5000
2026-03-24 09:30:01.380,20260324,93001380,000009.SZ,762061,2,0,8.85,3100
2026-03-24 09:30:01.380,20260324,93001380,000009.SZ,762195,1,0,8.38,200
2026-03-24 09:30:01.380,20260324,93001380,000009.SZ,762264,1,0,8.71,100
2026-03-24 09:30:01.380,20260324,93001380,000009.SZ,762290,2,0,9.15,500
2026-03-24 09:30:01.380,20260324,93001380,000009.SZ,762315,2,0,8.7,300
2026-03-24 09:30:01.400,20260324,93001400,000009.SZ,764203,1,0,8.71,12000
2026-03-24 09:30:01.400,20260324,93001400,000009.SZ,764289,1,0,8.55,2000
2026-03-24 09:30:01.440,20260324,93001440,000009.SZ,769369,2,0,9.0,800
2026-03-24 09:30:01.450,20260324,93001450,000009.SZ,769598,1,0,8.71,2000
2026-03-24 09:30:01.480,20260324,93001480,000009.SZ,772351,1,0,8.66,1000
2026-03-24 09:30:01.500,20260324,93001500,000009.SZ,773579,2,0,8.71,1600
2026-03-24 09:30:01.510,20260324,93001510,000009.SZ,774747,2,0,8.69,500
2026-03-24 09:30:01.540,20260324,93001540,000009.SZ,779403,2,0,8.8,2000
2026-03-24 09:30:01.590,20260324,93001590,000009.SZ,784131,1,0,8.71,2800
2026-03-24 09:30:01.590,20260324,93001590,000009.SZ,784488,1,0,8.6,5000
2026-03-24 09:30:01.600,20260324,93001600,000009.SZ,785696,2,0,8.87,400
2026-03-24 09:30:01.620,20260324,93001620,000009.SZ,787107,2,0,8.7,1400
2026-03-24 09:30:01.630,20260324,93001630,000009.SZ,787813,2,0,9.43,400
2026-03-24 09:30:01.640,20260324,93001640,000009.SZ,788738,2,0,8.99,100
2026-03-24 09:30:01.670,20260324,93001670,000009.SZ,790870,2,0,9.43,100
2026-03-24 09:30:01.680,20260324,93001680,000009.SZ,791318,2,0,9.11,300
2026-03-24 09:30:01.680,20260324,93001680,000009.SZ,791465,1,0,8.7,2100
2026-03-24 09:30:01.680,20260324,93001680,000009.SZ,791584,1,0,8.71,1000
2026-03-24 09:30:01.710,20260324,93001710,000009.SZ,794251,2,0,8.72,3000
2026-03-24 09:30:01.710,20260324,93001710,000009.SZ,794346,1,0,8.71,300
2026-03-24 09:30:01.710,20260324,93001710,000009.SZ,794537,2,0,8.74,1000
2026-03-24 09:30:01.710,20260324,93001710,000009.SZ,794803,2,0,8.88,1000
2026-03-24 09:30:01.730,20260324,93001730,000009.SZ,796594,2,0,8.71,100
2026-03-24 09:30:01.730,20260324,93001730,000009.SZ,796602,2,0,8.71,400
2026-03-24 09:30:01.760,20260324,93001760,000009.SZ,799367,2,0,9.43,1000
2026-03-24 09:30:01.770,20260324,93001770,000009.SZ,800849,1,0,8.71,500
2026-03-24 09:30:01.780,20260324,93001780,000009.SZ,801343,2,0,9.02,400
2026-03-24 09:30:01.780,20260324,93001780,000009.SZ,801900,2,0,8.95,2000
2026-03-24 09:30:01.820,20260324,93001820,000009.SZ,804465,2,0,8.99,1000
2026-03-24 09:30:01.840,20260324,93001840,000009.SZ,806466,2,0,8.71,100
2026-03-24 09:30:01.840,20260324,93001840,000009.SZ,806604,2,0,8.71,200
2026-03-24 09:30:01.840,20260324,93001840,000009.SZ,806611,2,0,8.71,100
2026-03-24 09:30:01.870,20260324,93001870,000009.SZ,808791,2,0,8.69,200
2026-03-24 09:30:01.870,20260324,93001870,000009.SZ,808832,2,0,8.91,34100
2026-03-24 09:30:01.870,20260324,93001870,000009.SZ,809092,1,0,8.55,200
2026-03-24 09:30:01.900,20260324,93001900,000009.SZ,811125,2,0,9.34,200
2026-03-24 09:30:01.900,20260324,93001900,000009.SZ,811193,2,0,8.71,200
2026-03-24 09:30:01.900,20260324,93001900,000009.SZ,811214,2,0,8.71,200
2026-03-24 09:30:01.910,20260324,93001910,000009.SZ,812003,1,0,8.6,2000
2026-03-24 09:30:01.940,20260324,93001940,000009.SZ,813553,2,0,8.71,100
2026-03-24 09:30:01.940,20260324,93001940,000009.SZ,813827,2,0,8.74,4000
2026-03-24 09:30:01.950,20260324,93001950,000009.SZ,814633,2,0,8.71,200
2026-03-24 09:30:01.950,20260324,93001950,000009.SZ,814892,2,0,8.71,100
2026-03-24 09:30:01.950,20260324,93001950,000009.SZ,814913,2,0,8.71,400
2026-03-24 09:30:01.950,20260324,93001950,000009.SZ,814945,2,0,8.71,200
2026-03-24 09:30:01.960,20260324,93001960,000009.SZ,815001,2,0,8.8,1000
2026-03-24 09:30:01.960,20260324,93001960,000009.SZ,815269,2,0,8.71,200
2026-03-24 09:30:01.960,20260324,93001960,000009.SZ,815380,2,0,8.71,400
2026-03-24 09:30:01.960,20260324,93001960,000009.SZ,815482,2,0,9.0,100
2026-03-24 09:30:01.970,20260324,93001970,000009.SZ,816054,2,0,8.71,100
2026-03-24 09:30:01.970,20260324,93001970,000009.SZ,816198,2,0,8.71,200
2026-03-24 09:30:01.970,20260324,93001970,000009.SZ,816611,2,0,8.71,1900
2026-03-24 09:30:01.980,20260324,93001980,000009.SZ,817166,2,0,8.74,500
2026-03-24 09:30:01.980,20260324,93001980,000009.SZ,817419,2,0,8.7,100
2026-03-24 09:30:01.990,20260324,93001990,000009.SZ,818431,2,0,8.85,1000
2026-03-24 09:30:02.000,20260324,93002000,000009.SZ,819136,2,0,8.74,2200
2026-03-24 09:30:02.010,20260324,93002010,000009.SZ,819544,1,0,8.68,1000
2026-03-24 09:30:02.010,20260324,93002010,000009.SZ,819640,2,0,8.8,500
2026-03-24 09:30:02.010,20260324,93002010,000009.SZ,820309,2,0,8.96,13600
2026-03-24 09:30:02.050,20260324,93002050,000009.SZ,822725,2,0,9.14,10000
2026-03-24 09:30:02.070,20260324,93002070,000009.SZ,824505,2,0,8.82,2000
2026-03-24 09:30:02.080,20260324,93002080,000009.SZ,824771,2,0,8.7,3000
2026-03-24 09:30:02.080,20260324,93002080,000009.SZ,825178,2,0,8.8,10000
2026-03-24 09:30:02.080,20260324,93002080,000009.SZ,825304,2,0,8.71,200
2026-03-24 09:30:02.080,20260324,93002080,000009.SZ,825342,2,0,8.83,2000
2026-03-24 09:30:02.090,20260324,93002090,000009.SZ,825781,2,0,8.71,500
2026-03-24 09:30:02.120,20260324,93002120,000009.SZ,828097,1,0,8.65,500
2026-03-24 09:30:02.130,20260324,93002130,000009.SZ,828588,2,0,9.0,2000
2026-03-24 09:30:02.130,20260324,93002130,000009.SZ,828745,1,0,8.71,500
2026-03-24 09:30:02.140,20260324,93002140,000009.SZ,829458,1,0,8.71,3300
2026-03-24 09:30:02.160,20260324,93002160,000009.SZ,830744,2,0,8.73,1000
2026-03-24 09:30:02.160,20260324,93002160,000009.SZ,831109,2,0,8.71,200
2026-03-24 09:30:02.160,20260324,93002160,000009.SZ,831189,2,0,8.77,900
2026-03-24 09:30:02.170,20260324,93002170,000009.SZ,832014,2,0,9.19,100
2026-03-24 09:30:02.180,20260324,93002180,000009.SZ,832185,2,0,9.02,5000
2026-03-24 09:30:02.190,20260324,93002190,000009.SZ,832881,1,0,8.7,800
2026-03-24 09:30:02.200,20260324,93002200,000009.SZ,834210,2,0,8.77,15000
2026-03-24 09:30:02.200,20260324,93002200,000009.SZ,834266,2,0,9.36,2300
2026-03-24 09:30:02.210,20260324,93002210,000009.SZ,834850,2,0,8.7,400
2026-03-24 09:30:02.210,20260324,93002210,000009.SZ,834877,2,0,8.7,700
2026-03-24 09:30:02.210,20260324,93002210,000009.SZ,835218,2,0,8.99,2000
2026-03-24 09:30:02.230,20260324,93002230,000009.SZ,837077,1,0,8.46,2000
2026-03-24 09:30:02.230,20260324,93002230,000009.SZ,837128,2,0,8.68,300
2026-03-24 09:30:02.240,20260324,93002240,000009.SZ,837206,1,0,8.71,6000
2026-03-24 09:30:02.240,20260324,93002240,000009.SZ,837416,1,0,8.7,100
2026-03-24 09:30:02.240,20260324,93002240,000009.SZ,837523,2,0,8.69,2000
2026-03-24 09:30:02.260,20260324,93002260,000009.SZ,839367,1,0,8.7,16500
2026-03-24 09:30:02.260,20260324,93002260,000009.SZ,840252,1,0,8.68,2000
2026-03-24 09:30:02.270,20260324,93002270,000009.SZ,841168,2,0,8.96,5000
2026-03-24 09:30:02.280,20260324,93002280,000009.SZ,841764,1,0,8.7,1400
2026-03-24 09:30:02.280,20260324,93002280,000009.SZ,842205,1,0,8.51,4000
2026-03-24 09:30:02.290,20260324,93002290,000009.SZ,842745,2,0,8.7,800
2026-03-24 09:30:02.290,20260324,93002290,000009.SZ,842764,2,0,8.7,100
2026-03-24 09:30:02.300,20260324,93002300,000009.SZ,843487,2,0,9.43,800
2026-03-24 09:30:02.300,20260324,93002300,000009.SZ,843753,2,0,8.85,1000
2026-03-24 09:30:02.310,20260324,93002310,000009.SZ,844459,2,0,8.85,1000
2026-03-24 09:30:02.320,20260324,93002320,000009.SZ,844689,1,0,8.71,1000
2026-03-24 09:30:02.320,20260324,93002320,000009.SZ,845505,2,0,9.2,2000
2026-03-24 09:30:02.330,20260324,93002330,000009.SZ,845829,2,0,8.7,500
2026-03-24 09:30:02.330,20260324,93002330,000009.SZ,845941,2,0,8.85,2000
2026-03-24 09:30:02.330,20260324,93002330,000009.SZ,846524,2,0,8.77,500
2026-03-24 09:30:02.350,20260324,93002350,000009.SZ,847760,2,0,8.8,15600
2026-03-24 09:30:02.350,20260324,93002350,000009.SZ,848208,1,0,8.71,1000
2026-03-24 09:30:02.350,20260324,93002350,000009.SZ,848213,1,0,8.8,1000
2026-03-24 09:30:02.360,20260324,93002360,000009.SZ,848916,1,0,8.71,10000
2026-03-24 09:30:02.370,20260324,93002370,000009.SZ,849930,1,0,8.5,1000
2026-03-24 09:30:02.400,20260324,93002400,000009.SZ,853043,2,0,8.71,600
2026-03-24 09:30:02.410,20260324,93002410,000009.SZ,853445,2,0,8.85,5500
2026-03-24 09:30:02.420,20260324,93002420,000009.SZ,854029,2,0,9.09,900
2026-03-24 09:30:02.420,20260324,93002420,000009.SZ,854141,2,0,9.14,300
2026-03-24 09:30:02.440,20260324,93002440,000009.SZ,856297,2,0,8.77,500
2026-03-24 09:30:02.470,20260324,93002470,000009.SZ,858039,2,0,8.8,500
2026-03-24 09:30:02.510,20260324,93002510,000009.SZ,860933,1,0,8.65,200
2026-03-24 09:30:02.560,20260324,93002560,000009.SZ,863474,1,0,8.72,2000
2026-03-24 09:30:02.570,20260324,93002570,000009.SZ,863840,2,0,8.71,2500
2026-03-24 09:30:02.610,20260324,93002610,000009.SZ,866564,2,0,9.24,100
2026-03-24 09:30:02.610,20260324,93002610,000009.SZ,866575,2,0,9.23,100
2026-03-24 09:30:02.610,20260324,93002610,000009.SZ,866988,1,0,8.71,100
2026-03-24 09:30:02.640,20260324,93002640,000009.SZ,868399,2,0,8.72,3700
2026-03-24 09:30:02.650,20260324,93002650,000009.SZ,868723,1,0,8.72,100
2026-03-24 09:30:02.650,20260324,93002650,000009.SZ,868725,1,0,8.72,100
2026-03-24 09:30:02.650,20260324,93002650,000009.SZ,868727,1,0,8.72,100
2026-03-24 09:30:02.670,20260324,93002670,000009.SZ,869610,2,0,9.43,2000
2026-03-24 09:30:02.710,20260324,93002710,000009.SZ,871698,2,0,8.71,300
2026-03-24 09:30:02.710,20260324,93002710,000009.SZ,871929,2,0,9.26,1200
2026-03-24 09:30:02.710,20260324,93002710,000009.SZ,871938,2,0,8.7,10000
2026-03-24 09:30:02.740,20260324,93002740,000009.SZ,874200,2,0,9.29,1300
2026-03-24 09:30:02.750,20260324,93002750,000009.SZ,874331,1,0,8.31,10000
2026-03-24 09:30:02.770,20260324,93002770,000009.SZ,875805,1,0,8.63,2300
2026-03-24 09:30:02.780,20260324,93002780,000009.SZ,876774,2,0,9.43,2000
2026-03-24 09:30:02.790,20260324,93002790,000009.SZ,877036,1,0,8.61,400
2026-03-24 09:30:02.790,20260324,93002790,000009.SZ,877114,1,0,8.18,3000
2026-03-24 09:30:02.790,20260324,93002790,000009.SZ,877210,2,0,9.05,1400
2026-03-24 09:30:02.790,20260324,93002790,000009.SZ,877317,2,0,8.97,500
2026-03-24 09:30:02.800,20260324,93002800,000009.SZ,877627,1,0,8.71,500
2026-03-24 09:30:02.800,20260324,93002800,000009.SZ,877856,2,0,9.0,300
2026-03-24 09:30:02.800,20260324,93002800,000009.SZ,877857,1,0,8.7,1400
2026-03-24 09:30:02.810,20260324,93002810,000009.SZ,878767,1,0,8.71,2700
2026-03-24 09:30:02.820,20260324,93002820,000009.SZ,879202,2,0,9.3,500
2026-03-24 09:30:02.830,20260324,93002830,000009.SZ,879464,1,0,8.67,1500
2026-03-24 09:30:02.830,20260324,93002830,000009.SZ,879633,2,0,9.43,500
2026-03-24 09:30:02.850,20260324,93002850,000009.SZ,880446,2,0,8.8,200
2026-03-24 09:30:02.880,20260324,93002880,000009.SZ,882396,2,0,8.58,600
2026-03-24 09:30:02.890,20260324,93002890,000009.SZ,882589,1,0,8.0,100
2026-03-24 09:30:02.940,20260324,93002940,000009.SZ,884552,2,0,9.43,3500
2026-03-24 09:30:02.970,20260324,93002970,000009.SZ,886592,2,0,8.88,700
2026-03-24 09:30:02.990,20260324,93002990,000009.SZ,888053,1,0,7.73,1000
2026-03-24 09:30:03.000,20260324,93003000,000009.SZ,888549,2,0,9.43,3100
2026-03-24 09:30:03.000,20260324,93003000,000009.SZ,888651,2,0,8.67,2900
2026-03-24 09:30:03.000,20260324,93003000,000009.SZ,888964,1,0,8.71,2000
2026-03-24 09:30:03.010,20260324,93003010,000009.SZ,889250,1,0,8.71,5000
2026-03-24 09:30:03.010,20260324,93003010,000009.SZ,889261,2,0,9.22,1100
2026-03-24 09:30:03.030,20260324,93003030,000009.SZ,890359,1,0,8.71,1600
2026-03-24 09:30:03.030,20260324,93003030,000009.SZ,891010,1,0,8.63,3300
2026-03-24 09:30:03.040,20260324,93003040,000009.SZ,891200,1,0,8.63,900
2026-03-24 09:30:03.040,20260324,93003040,000009.SZ,891371,2,0,8.73,100
2026-03-24 09:30:03.050,20260324,93003050,000009.SZ,892152,2,0,8.78,1000
2026-03-24 09:30:03.070,20260324,93003070,000009.SZ,892938,2,0,8.9,5000
2026-03-24 09:30:03.100,20260324,93003100,000009.SZ,894576,1,0,8.72,12200
2026-03-24 09:30:03.120,20260324,93003120,000009.SZ,895732,1,0,8.68,500
2026-03-24 09:30:03.140,20260324,93003140,000009.SZ,897531,1,0,8.68,2700
2026-03-24 09:30:03.140,20260324,93003140,000009.SZ,897680,2,0,8.86,11000
2026-03-24 09:30:03.150,20260324,93003150,000009.SZ,898121,2,0,8.72,700
2026-03-24 09:30:03.150,20260324,93003150,000009.SZ,898123,2,0,8.72,2600
2026-03-24 09:30:03.150,20260324,93003150,000009.SZ,898125,2,0,8.72,600
2026-03-24 09:30:03.150,20260324,93003150,000009.SZ,898127,2,0,8.72,1200
2026-03-24 09:30:03.150,20260324,93003150,000009.SZ,898129,2,0,8.72,400
2026-03-24 09:30:03.150,20260324,93003150,000009.SZ,898131,2,0,8.72,200
2026-03-24 09:30:03.150,20260324,93003150,000009.SZ,898134,2,0,8.72,4400
2026-03-24 09:30:03.150,20260324,93003150,000009.SZ,898136,2,0,8.72,1600
2026-03-24 09:30:03.150,20260324,93003150,000009.SZ,898137,2,0,8.72,1500
2026-03-24 09:30:03.150,20260324,93003150,000009.SZ,898138,2,0,8.72,5000
2026-03-24 09:30:03.150,20260324,93003150,000009.SZ,898140,2,0,8.72,1600
2026-03-24 09:30:03.150,20260324,93003150,000009.SZ,898149,2,0,8.72,1500
2026-03-24 09:30:03.150,20260324,93003150,000009.SZ,898229,2,0,8.72,200
2026-03-24 09:30:03.160,20260324,93003160,000009.SZ,898689,2,0,8.71,3000
2026-03-24 09:30:03.170,20260324,93003170,000009.SZ,899188,1,0,8.7,400
2026-03-24 09:30:03.180,20260324,93003180,000009.SZ,900025,2,0,8.72,1800
2026-03-24 09:30:03.200,20260324,93003200,000009.SZ,901836,2,0,8.72,800
2026-03-24 09:30:03.210,20260324,93003210,000009.SZ,902151,1,0,8.73,5000
2026-03-24 09:30:03.210,20260324,93003210,000009.SZ,902435,2,0,8.72,2500
2026-03-24 09:30:03.210,20260324,93003210,000009.SZ,902436,2,0,8.72,1800
2026-03-24 09:30:03.210,20260324,93003210,000009.SZ,902439,2,0,8.72,3200
2026-03-24 09:30:03.210,20260324,93003210,000009.SZ,902440,2,0,8.72,10500
2026-03-24 09:30:03.210,20260324,93003210,000009.SZ,902566,1,0,8.71,3600
2026-03-24 09:30:03.210,20260324,93003210,000009.SZ,902659,2,0,8.72,200
2026-03-24 09:30:03.230,20260324,93003230,000009.SZ,903656,2,0,8.8,1500
2026-03-24 09:30:03.250,20260324,93003250,000009.SZ,905872,2,0,8.73,1200
2026-03-24 09:30:03.260,20260324,93003260,000009.SZ,906530,2,0,9.4,2300
2026-03-24 09:30:03.260,20260324,93003260,000009.SZ,906917,2,0,8.73,400
2026-03-24 09:30:03.270,20260324,93003270,000009.SZ,907386,2,0,9.4,12000
2026-03-24 09:30:03.270,20260324,93003270,000009.SZ,908233,2,0,8.71,600
2026-03-24 09:30:03.280,20260324,93003280,000009.SZ,908626,1,0,8.61,1000
2026-03-24 09:30:03.290,20260324,93003290,000009.SZ,909647,2,0,8.72,500
2026-03-24 09:30:03.290,20260324,93003290,000009.SZ,910028,2,0,8.89,1500
2026-03-24 09:30:03.290,20260324,93003290,000009.SZ,910043,1,0,8.71,11700
2026-03-24 09:30:03.290,20260324,93003290,000009.SZ,910115,2,0,8.71,2200
2026-03-24 09:30:03.310,20260324,93003310,000009.SZ,911264,2,0,8.72,3600
2026-03-24 09:30:03.320,20260324,93003320,000009.SZ,912336,1,0,8.6,100
2026-03-24 09:30:03.330,20260324,93003330,000009.SZ,913241,2,0,8.73,1300
2026-03-24 09:30:03.340,20260324,93003340,000009.SZ,913759,2,0,8.9,500
2026-03-24 09:30:03.350,20260324,93003350,000009.SZ,914781,2,0,8.73,100
2026-03-24 09:30:03.370,20260324,93003370,000009.SZ,916362,1,0,8.61,800
2026-03-24 09:30:03.430,20260324,93003430,000009.SZ,919923,1,0,8.71,2000
2026-03-24 09:30:03.430,20260324,93003430,000009.SZ,920709,2,0,8.8,1000
2026-03-24 09:30:03.450,20260324,93003450,000009.SZ,922299,1,0,8.71,38000
2026-03-24 09:30:03.480,20260324,93003480,000009.SZ,923257,2,0,8.73,600
2026-03-24 09:30:03.480,20260324,93003480,000009.SZ,923271,2,0,8.73,100
2026-03-24 09:30:03.480,20260324,93003480,000009.SZ,923275,2,0,8.73,600
2026-03-24 09:30:03.490,20260324,93003490,000009.SZ,923998,1,0,8.71,200
2026-03-24 09:30:03.500,20260324,93003500,000009.SZ,924268,2,0,9.19,200
2026-03-24 09:30:03.510,20260324,93003510,000009.SZ,925607,2,0,9.43,200
2026-03-24 09:30:03.520,20260324,93003520,000009.SZ,925890,2,0,8.73,500
2026-03-24 09:30:03.520,20260324,93003520,000009.SZ,925892,2,0,8.73,100
2026-03-24 09:30:03.520,20260324,93003520,000009.SZ,925894,2,0,8.73,1800
2026-03-24 09:30:03.520,20260324,93003520,000009.SZ,925938,2,0,8.73,2500
2026-03-24 09:30:03.520,20260324,93003520,000009.SZ,925939,2,0,8.73,600
2026-03-24 09:30:03.530,20260324,93003530,000009.SZ,926375,2,0,8.73,1400
2026-03-24 09:30:03.530,20260324,93003530,000009.SZ,926831,2,0,9.01,3000
2026-03-24 09:30:03.540,20260324,93003540,000009.SZ,926900,2,0,8.73,500
2026-03-24 09:30:03.590,20260324,93003590,000009.SZ,930509,2,2,0.0,200
2026-03-24 09:30:03.640,20260324,93003640,000009.SZ,933509,1,0,8.7,1100
2026-03-24 09:30:03.650,20260324,93003650,000009.SZ,933783,2,0,8.94,1000
