timestamp,date,stamp,code,match_no,bs_flag,bid_order_no,ask_order_no,match_price,match_volume,match_amount
2026-04-02 09:15:00.310,20260402,91500310,000009.SZ,95331,-1,0,95330,0.0,300,0.0
2026-04-02 09:15:01.420,20260402,91501420,000009.SZ,185421,-1,185417,0,0.0,2400,0.0
2026-04-02 09:16:44.350,20260402,91644350,000009.SZ,290744,-1,96331,0,0.0,600,0.0
2026-04-02 09:17:30.900,20260402,91730900,000009.SZ,303669,-1,0,299803,0.0,200,0.0
2026-04-02 09:18:28.760,20260402,91828760,000009.SZ,321674,-1,0,5424,0.0,1000,0.0
2026-04-02 09:19:14.970,20260402,91914970,000009.SZ,337084,-1,0,305147,0.0,2100,0.0
2026-04-02 09:25:00.000,20260402,92500000,000009.SZ,506783,1,488628,378796,8.77,100,877.0
2026-04-02 09:25:00.000,20260402,92500000,000009.SZ,506784,1,492603,378796,8.77,100,877.0
2026-04-02 09:25:00.000,20260402,92500000,000009.SZ,506785,2,12733,378796,8.77,3000,26310.0
2026-04-02 09:25:00.000,20260402,92500000,000009.SZ,506786,2,228787,378796,8.77,200,1754.0
2026-04-02 09:25:00.000,20260402,92500000,000009.SZ,506787,2,228787,419287,8.77,1100,9647.0
2026-04-02 09:25:00.000,20260402,92500000,000009.SZ,506788,2,114772,419287,8.77,100,877.0
2026-04-02 09:25:00.000,20260402,92500000,000009.SZ,506789,2,116761,419287,8.77,200,1754.0
2026-04-02 09:25:00.000,20260402,92500000,000009.SZ,506790,2,209663,419287,8.77,500,4385.0
2026-04-02 09:25:00.000,20260402,92500000,000009.SZ,506791,2,209663,488191,8.77,100,877.0
2026-04-02 09:25:00.000,20260402,92500000,000009.SZ,506792,2,209663,352853,8.77,100,877.0
2026-04-02 09:25:00.000,20260402,92500000,000009.SZ,506793,2,209663,446424,8.77,100,877.0
2026-04-02 09:25:00.000,20260402,92500000,000009.SZ,506794,2,209663,473224,8.77,300,2631.0
2026-04-02 09:25:00.000,20260402,92500000,000009.SZ,506795,2,158845,473224,8.77,800,7016.0
2026-04-02 09:25:00.000,20260402,92500000,000009.SZ,506796,2,158845,486109,8.77,4200,36834.0
2026-04-02 09:25:00.000,20260402,92500000,000009.SZ,506797,2,174846,486109,8.77,2000,17540.0
2026-04-02 09:25:00.000,20260402,92500000,000009.SZ,506798,2,234745,486109,8.77,700,6139.0
2026-04-02 09:25:00.000,20260402,92500000,000009.SZ,506799,2,234745,484507,8.77,100,877.0
2026-04-02 09:25:00.000,20260402,92500000,000009.SZ,506800,2,234745,502227,8.77,200,1754.0
2026-04-02 09:25:00.000,20260402,92500000,000009.SZ,506801,2,250255,502227,8.77,1000,8770.0
2026-04-02 09:25:00.000,20260402,92500000,000009.SZ,506802,2,259441,502227,8.77,100,877.0
2026-04-02 09:25:00.000,20260402,92500000,000009.SZ,506803,2,260926,502227,8.77,300,2631.0
2026-04-02 09:25:00.000,20260402,92500000,000009.SZ,506804,2,260926,492016,8.77,300,2631.0
2026-04-02 09:25:00.000,20260402,92500000,000009.SZ,506805,2,327189,492498,8.77,100,877.0
2026-04-02 09:25:00.000,20260402,92500000,000009.SZ,506806,2,445210,492498,8.77,100,877.0
2026-04-02 09:25:00.000,20260402,92500000,000009.SZ,506807,2,445210,493265,8.77,100,877.0
2026-04-02 09:25:00.000,20260402,92500000,000009.SZ,506808,2,445210,491371,8.77,800,7016.0
2026-04-02 09:25:00.000,20260402,92500000,000009.SZ,506809,2,481155,491371,8.77,6300,55251.0
2026-04-02 09:25:00.000,20260402,92500000,000009.SZ,506810,2,481155,491426,8.77,3700,32449.0
2026-04-02 09:25:00.000,20260402,92500000,000009.SZ,506811,2,483555,491426,8.77,1800,15786.0
2026-04-02 09:25:00.000,20260402,92500000,000009.SZ,506812,2,483555,497880,8.77,3200,28064.0
2026-04-02 09:25:00.000,20260402,92500000,000009.SZ,506813,2,42127,497880,8.77,1600,14032.0
2026-04-02 09:25:00.000,20260402,92500000,000009.SZ,506814,2,42127,500323,8.77,600,5262.0
2026-04-02 09:25:00.000,20260402,92500000,000009.SZ,506815,2,235379,500323,8.77,800,7016.0
2026-04-02 09:25:00.000,20260402,92500000,000009.SZ,506816,2,283250,500323,8.77,2000,17540.0
2026-04-02 09:25:00.000,20260402,92500000,000009.SZ,506817,2,413599,500323,8.77,3800,33326.0
2026-04-02 09:25:00.000,20260402,92500000,000009.SZ,506818,1,413599,12660,8.77,100,877.0
2026-04-02 09:25:00.000,20260402,92500000,000009.SZ,506819,2,413599,504654,8.77,1100,9647.0
2026-04-02 09:25:00.000,20260402,92500000,000009.SZ,506820,2,413599,497386,8.77,2000,17540.0
2026-04-02 09:25:00.000,20260402,92500000,000009.SZ,506821,2,413599,504728,8.77,23000,201710.0
2026-04-02 09:25:00.000,20260402,92500000,000009.SZ,506822,2,481975,504728,8.77,1200,10524.0
2026-04-02 09:25:00.000,20260402,92500000,000009.SZ,506823,2,161156,504728,8.77,100,877.0
2026-04-02 09:25:00.000,20260402,92500000,000009.SZ,506824,2,274209,504728,8.77,1100,9647.0
2026-04-02 09:25:00.000,20260402,92500000,000009.SZ,506825,2,330189,504728,8.77,2100,18417.0
2026-04-02 09:25:00.000,20260402,92500000,000009.SZ,506826,2,362614,504728,8.77,1000,8770.0
2026-04-02 09:25:00.000,20260402,92500000,000009.SZ,506827,2,432985,504728,8.77,100,877.0
2026-04-02 09:25:00.000,20260402,92500000,000009.SZ,506828,2,144348,504728,8.77,300,2631.0
2026-04-02 09:25:00.000,20260402,92500000,000009.SZ,506829,2,144348,502862,8.77,5200,45604.0
2026-04-02 09:30:00.000,20260402,93000000,000009.SZ,580468,-1,0,489180,0.0,5000,0.0
2026-04-02 09:30:00.030,20260402,93000030,000009.SZ,584015,2,144348,584014,8.77,200,1754.0
2026-04-02 09:30:00.030,20260402,93000030,000009.SZ,584729,2,144348,584728,8.77,3800,33326.0
2026-04-02 09:30:00.040,20260402,93000040,000009.SZ,590058,2,144348,590057,8.77,100,877.0
2026-04-02 09:30:00.040,20260402,93000040,000009.SZ,590214,-1,0,336314,0.0,1000,0.0
2026-04-02 09:30:00.070,20260402,93000070,000009.SZ,605126,2,144348,605125,8.77,10400,91208.0
2026-04-02 09:30:00.070,20260402,93000070,000009.SZ,605127,2,228760,605125,8.77,1300,11401.0
2026-04-02 09:30:00.070,20260402,93000070,000009.SZ,605128,2,250600,605125,8.77,400,3508.0
2026-04-02 09:30:00.080,20260402,93000080,000009.SZ,611358,2,279411,611357,8.77,500,4385.0
2026-04-02 09:30:00.080,20260402,93000080,000009.SZ,611359,2,609859,611357,8.77,500,4385.0
2026-04-02 09:30:00.090,20260402,93000090,000009.SZ,615960,2,191604,615959,8.76,100,876.0
2026-04-02 09:30:00.110,20260402,93000110,000009.SZ,627958,1,627957,611357,8.77,500,4385.0
2026-04-02 09:30:00.110,20260402,93000110,000009.SZ,629644,-1,235789,0,0.0,5000,0.0
2026-04-02 09:30:00.110,20260402,93000110,000009.SZ,630147,-1,0,235792,0.0,5000,0.0
2026-04-02 09:30:00.110,20260402,93000110,000009.SZ,631346,-1,0,350737,0.0,300,0.0
2026-04-02 09:30:00.120,20260402,93000120,000009.SZ,633433,1,633432,611357,8.77,300,2631.0
2026-04-02 09:30:00.130,20260402,93000130,000009.SZ,638504,-1,0,398233,0.0,1000,0.0
2026-04-02 09:30:00.130,20260402,93000130,000009.SZ,640501,1,640500,611357,8.77,500,4385.0
2026-04-02 09:30:00.150,20260402,93000150,000009.SZ,647992,-1,483128,0,0.0,10000,0.0
2026-04-02 09:30:00.150,20260402,93000150,000009.SZ,648062,-1,0,78172,0.0,2900,0.0
2026-04-02 09:30:00.170,20260402,93000170,000009.SZ,661828,-1,0,428032,0.0,100,0.0
2026-04-02 09:30:00.180,20260402,93000180,000009.SZ,665199,1,665198,611357,8.77,4500,39465.0
2026-04-02 09:30:00.180,20260402,93000180,000009.SZ,665200,1,665198,635991,8.77,800,7016.0
2026-04-02 09:30:00.180,20260402,93000180,000009.SZ,665201,1,665198,648953,8.77,200,1754.0
2026-04-02 09:30:00.190,20260402,93000190,000009.SZ,666799,-1,0,492736,0.0,5700,0.0
2026-04-02 09:30:00.190,20260402,93000190,000009.SZ,667324,-1,0,458877,0.0,5800,0.0
2026-04-02 09:30:00.210,20260402,93000210,000009.SZ,677371,-1,0,466004,0.0,11500,0.0
2026-04-02 09:30:00.220,20260402,93000220,000009.SZ,678434,1,678433,648953,8.77,2800,24556.0
2026-04-02 09:30:00.220,20260402,93000220,000009.SZ,678435,1,678433,661897,8.77,3100,27187.0
2026-04-02 09:30:00.220,20260402,93000220,000009.SZ,678436,1,678433,655490,8.78,400,3512.0
2026-04-02 09:30:00.220,20260402,93000220,000009.SZ,679349,-1,245684,0,0.0,6000,0.0
2026-04-02 09:30:00.220,20260402,93000220,000009.SZ,679710,2,678433,679709,8.78,700,6146.0
2026-04-02 09:30:00.240,20260402,93000240,000009.SZ,688787,2,678433,688786,8.78,1000,8780.0
2026-04-02 09:30:00.250,20260402,93000250,000009.SZ,689829,2,678433,689828,8.78,200,1756.0
2026-04-02 09:30:00.250,20260402,93000250,000009.SZ,689941,-1,669841,0,0.0,500,0.0
2026-04-02 09:30:00.250,20260402,93000250,000009.SZ,691799,2,678433,691798,8.78,1800,15804.0
2026-04-02 09:30:00.250,20260402,93000250,000009.SZ,691800,2,687112,691798,8.77,1100,9647.0
2026-04-02 09:30:00.330,20260402,93000330,000009.SZ,715149,1,715148,691798,8.77,300,2631.0
2026-04-02 09:30:00.340,20260402,93000340,000009.SZ,717224,-1,0,380098,0.0,15700,0.0
2026-04-02 09:30:00.340,20260402,93000340,000009.SZ,717268,2,191604,717267,8.76,500,4380.0
2026-04-02 09:30:00.370,20260402,93000370,000009.SZ,724390,2,191604,724389,8.76,100,876.0
2026-04-02 09:30:00.370,20260402,93000370,000009.SZ,724403,2,191604,724402,8.76,100,876.0
2026-04-02 09:30:00.380,20260402,93000380,000009.SZ,725141,1,725140,691798,8.77,400,3508.0
2026-04-02 09:30:00.390,20260402,93000390,000009.SZ,728052,2,191604,728051,8.76,200,1752.0
2026-04-02 09:30:00.390,20260402,93000390,000009.SZ,728053,2,270668,728051,8.76,100,876.0
2026-04-02 09:30:00.420,20260402,93000420,000009.SZ,733755,-1,0,331807,0.0,3000,0.0
2026-04-02 09:30:00.420,20260402,93000420,000009.SZ,734792,1,734791,691798,8.77,1400,12278.0
2026-04-02 09:30:00.430,20260402,93000430,000009.SZ,735307,-1,0,105415,0.0,20000,0.0
2026-04-02 09:30:00.460,20260402,93000460,000009.SZ,739968,-1,0,434064,0.0,7000,0.0
2026-04-02 09:30:00.460,20260402,93000460,000009.SZ,740665,1,740664,691798,8.77,200,1754.0
2026-04-02 09:30:00.500,20260402,93000500,000009.SZ,747676,-1,0,357433,0.0,1100,0.0
2026-04-02 09:30:00.500,20260402,93000500,000009.SZ,747739,2,270668,747738,8.76,100,876.0
2026-04-02 09:30:00.500,20260402,93000500,000009.SZ,747740,2,288611,747738,8.76,100,876.0
2026-04-02 09:30:00.670,20260402,93000670,000009.SZ,771865,1,771864,747738,8.76,400,3504.0
2026-04-02 09:30:00.700,20260402,93000700,000009.SZ,776002,1,776001,748273,8.76,300,2628.0
2026-04-02 09:30:00.700,20260402,93000700,000009.SZ,776003,1,776001,691798,8.77,4700,41219.0
2026-04-02 09:30:00.780,20260402,93000780,000009.SZ,787492,1,787491,691798,8.77,4000,35080.0
2026-04-02 09:30:00.820,20260402,93000820,000009.SZ,793337,1,793336,691798,8.77,8400,73668.0
2026-04-02 09:30:00.820,20260402,93000820,000009.SZ,793338,1,793336,721532,8.77,10700,93839.0
2026-04-02 09:30:00.960,20260402,93000960,000009.SZ,809330,2,84193,809329,8.75,1000,8750.0
2026-04-02 09:30:00.960,20260402,93000960,000009.SZ,809331,2,181552,809329,8.75,100,875.0
2026-04-02 09:30:00.960,20260402,93000960,000009.SZ,809332,2,345127,809329,8.75,1000,8750.0
2026-04-02 09:30:00.960,20260402,93000960,000009.SZ,809333,2,356454,809329,8.75,1000,8750.0
2026-04-02 09:30:00.960,20260402,93000960,000009.SZ,809334,2,592141,809329,8.75,1900,16625.0
2026-04-02 09:30:01.110,20260402,93001110,000009.SZ,824418,-1,88693,0,0.0,1000,0.0
2026-04-02 09:30:01.140,20260402,93001140,000009.SZ,826923,-1,0,337692,0.0,6800,0.0
2026-04-02 09:30:01.140,20260402,93001140,000009.SZ,827234,1,827233,721532,8.77,600,5262.0
2026-04-02 09:30:01.260,20260402,93001260,000009.SZ,838440,1,838439,721532,8.77,1900,16663.0
2026-04-02 09:30:01.260,20260402,93001260,000009.SZ,838441,1,838439,722268,8.77,300,2631.0
2026-04-02 09:30:01.260,20260402,93001260,000009.SZ,838442,1,838439,722269,8.77,600,5262.0
2026-04-02 09:30:01.260,20260402,93001260,000009.SZ,838443,1,838439,768554,8.77,900,7893.0
2026-04-02 09:30:01.260,20260402,93001260,000009.SZ,838444,1,838439,797539,8.77,700,6139.0
2026-04-02 09:30:01.260,20260402,93001260,000009.SZ,838445,1,838439,823167,8.77,1100,9647.0
2026-04-02 09:30:01.260,20260402,93001260,000009.SZ,838446,1,838439,823424,8.77,5000,43850.0
2026-04-02 09:30:01.320,20260402,93001320,000009.SZ,844860,1,844859,840003,8.76,2100,18396.0
2026-04-02 09:30:01.320,20260402,93001320,000009.SZ,844861,1,844859,823424,8.77,900,7893.0
2026-04-02 09:30:01.340,20260402,93001340,000009.SZ,846270,1,846269,823424,8.77,100,877.0
2026-04-02 09:30:01.340,20260402,93001340,000009.SZ,847094,1,847093,823424,8.77,800,7016.0
2026-04-02 09:30:01.360,20260402,93001360,000009.SZ,849664,2,592141,849663,8.75,600,5250.0
2026-04-02 09:30:01.410,20260402,93001410,000009.SZ,854642,2,592141,854641,8.75,600,5250.0
2026-04-02 09:30:01.600,20260402,93001600,000009.SZ,868858,1,868857,858992,8.76,200,1752.0
2026-04-02 09:30:01.640,20260402,93001640,000009.SZ,872704,1,872703,858992,8.76,900,7884.0
2026-04-02 09:30:01.640,20260402,93001640,000009.SZ,872705,1,872703,869024,8.76,1100,9636.0
2026-04-02 09:30:01.640,20260402,93001640,000009.SZ,872706,1,872703,823424,8.77,6200,54374.0
2026-04-02 09:30:01.640,20260402,93001640,000009.SZ,872707,1,872703,842813,8.77,200,1754.0
2026-04-02 09:30:01.820,20260402,93001820,000009.SZ,887007,-1,337332,0,0.0,1000,0.0
2026-04-02 09:30:02.020,20260402,93002020,000009.SZ,899606,2,872703,899605,8.77,300,2631.0
2026-04-02 09:30:02.430,20260402,93002430,000009.SZ,928524,2,872703,928523,8.77,600,5262.0
2026-04-02 09:30:02.460,20260402,93002460,000009.SZ,930067,2,872703,930066,8.77,700,6139.0
2026-04-02 09:30:02.460,20260402,93002460,000009.SZ,930068,2,891530,930066,8.77,2000,17540.0
2026-04-02 09:30:02.460,20260402,93002460,000009.SZ,930069,2,900650,930066,8.77,1000,8770.0
2026-04-02 09:30:02.460,20260402,93002460,000009.SZ,930315,-1,0,768893,0.0,4600,0.0
2026-04-02 09:30:02.690,20260402,93002690,000009.SZ,941084,2,592141,941083,8.75,1900,16625.0
2026-04-02 09:30:02.690,20260402,93002690,000009.SZ,941085,2,657386,941083,8.75,300,2625.0
2026-04-02 09:30:02.690,20260402,93002690,000009.SZ,941086,2,752554,941083,8.75,3000,26250.0
2026-04-02 09:30:02.690,20260402,93002690,000009.SZ,941087,2,770509,941083,8.75,200,1750.0
2026-04-02 09:30:02.690,20260402,93002690,000009.SZ,941088,2,785505,941083,8.75,1000,8750.0
2026-04-02 09:30:02.690,20260402,93002690,000009.SZ,941089,2,786313,941083,8.75,3900,34125.0
2026-04-02 09:30:02.690,20260402,93002690,000009.SZ,941090,2,788640,941083,8.75,1000,8750.0
2026-04-02 09:30:02.690,20260402,93002690,000009.SZ,941091,2,792267,941083,8.75,2000,17500.0
2026-04-02 09:30:02.690,20260402,93002690,000009.SZ,941092,2,848966,941083,8.75,1000,8750.0
2026-04-02 09:30:02.690,20260402,93002690,000009.SZ,941093,2,852247,941083,8.75,1000,8750.0
2026-04-02 09:30:02.690,20260402,93002690,000009.SZ,941094,2,885176,941083,8.75,1000,8750.0
2026-04-02 09:30:02.690,20260402,93002690,000009.SZ,941095,2,892065,941083,8.75,1000,8750.0
2026-04-02 09:30:02.690,20260402,93002690,000009.SZ,941096,2,892658,941083,8.75,12700,111125.0
2026-04-02 09:30:02.720,20260402,93002720,000009.SZ,942624,2,892658,942623,8.75,2300,20125.0
2026-04-02 09:30:02.920,20260402,93002920,000009.SZ,952994,-1,0,270709,0.0,200,0.0
2026-04-02 09:30:02.950,20260402,93002950,000009.SZ,954441,2,892658,954440,8.75,300,2625.0
2026-04-02 09:30:03.030,20260402,93003030,000009.SZ,957334,2,892658,957333,8.75,400,3500.0
2026-04-02 09:30:03.150,20260402,93003150,000009.SZ,962190,1,962189,930066,8.76,200,1752.0
2026-04-02 09:30:03.150,20260402,93003150,000009.SZ,962192,1,962191,930066,8.76,200,1752.0
2026-04-02 09:30:03.150,20260402,93003150,000009.SZ,962200,1,962199,930066,8.76,200,1752.0
2026-04-02 09:30:03.150,20260402,93003150,000009.SZ,962215,1,962214,930066,8.76,200,1752.0
2026-04-02 09:30:03.150,20260402,93003150,000009.SZ,962248,1,962247,930066,8.76,200,1752.0
2026-04-02 09:30:03.150,20260402,93003150,000009.SZ,962258,1,962257,930066,8.76,300,2628.0
2026-04-02 09:30:03.150,20260402,93003150,000009.SZ,962267,1,962266,930066,8.76,200,1752.0
2026-04-02 09:30:03.150,20260402,93003150,000009.SZ,962271,1,962270,930066,8.76,200,1752.0
2026-04-02 09:30:03.190,20260402,93003190,000009.SZ,964011,-1,0,913001,0.0,5000,0.0
2026-04-02 09:30:03.190,20260402,93003190,000009.SZ,964157,2,962275,964156,8.76,300,2628.0
2026-04-02 09:30:03.190,20260402,93003190,000009.SZ,964158,2,962284,964156,8.76,200,1752.0
2026-04-02 09:30:03.190,20260402,93003190,000009.SZ,964159,2,962322,964156,8.76,400,3504.0
2026-04-02 09:30:03.190,20260402,93003190,000009.SZ,964160,2,962476,964156,8.76,300,2628.0
2026-04-02 09:30:03.190,20260402,93003190,000009.SZ,964161,2,962478,964156,8.76,200,1752.0
2026-04-02 09:30:03.190,20260402,93003190,000009.SZ,964162,2,962711,964156,8.76,400,3504.0
2026-04-02 09:30:03.440,20260402,93003440,000009.SZ,979408,2,962711,979407,8.76,100,876.0
2026-04-02 09:30:03.460,20260402,93003460,000009.SZ,980182,2,962726,980181,8.76,300,2628.0
2026-04-02 09:30:03.670,20260402,93003670,000009.SZ,991359,1,991358,930903,8.77,100,877.0
2026-04-02 09:30:03.670,20260402,93003670,000009.SZ,991360,1,991358,959511,8.77,500,4385.0
2026-04-02 09:30:03.730,20260402,93003730,000009.SZ,994928,1,994927,959511,8.77,100,877.0
2026-04-02 09:30:03.760,20260402,93003760,000009.SZ,996289,2,962726,996288,8.76,200,1752.0
2026-04-02 09:30:03.910,20260402,93003910,000009.SZ,1002587,2,962777,1002586,8.76,100,876.0
2026-04-02 09:30:04.030,20260402,93004030,000009.SZ,1007012,-1,0,845031,0.0,8300,0.0
2026-04-02 09:30:04.300,20260402,93004300,000009.SZ,1019904,2,962777,1019903,8.76,100,876.0
2026-04-02 09:30:04.300,20260402,93004300,000009.SZ,1019905,2,962782,1019903,8.76,200,1752.0
2026-04-02 09:30:04.300,20260402,93004300,000009.SZ,1019906,2,964307,1019903,8.76,200,1752.0
2026-04-02 09:30:04.300,20260402,93004300,000009.SZ,1019907,2,964308,1019903,8.76,200,1752.0
2026-04-02 09:30:04.300,20260402,93004300,000009.SZ,1019908,2,964348,1019903,8.76,200,1752.0
2026-04-02 09:30:04.300,20260402,93004300,000009.SZ,1019909,2,964349,1019903,8.76,600,5256.0
2026-04-02 09:30:04.300,20260402,93004300,000009.SZ,1019910,2,964409,1019903,8.76,200,1752.0
2026-04-02 09:30:04.300,20260402,93004300,000009.SZ,1019911,2,964462,1019903,8.76,200,1752.0
2026-04-02 09:30:04.300,20260402,93004300,000009.SZ,1019912,2,964502,1019903,8.76,200,1752.0
2026-04-02 09:30:04.300,20260402,93004300,000009.SZ,1019913,2,964617,1019903,8.76,200,1752.0
2026-04-02 09:30:04.300,20260402,93004300,000009.SZ,1019914,2,964656,1019903,8.76,200,1752.0
2026-04-02 09:30:04.300,20260402,93004300,000009.SZ,1019915,2,1007141,1019903,8.76,400,3504.0
2026-04-02 09:30:04.390,20260402,93004390,000009.SZ,1025495,-1,0,854821,0.0,4000,0.0
2026-04-02 09:30:04.490,20260402,93004490,000009.SZ,1029425,2,1007141,1029424,8.76,200,1752.0
2026-04-02 09:30:04.780,20260402,93004780,000009.SZ,1040610,2,1007141,1040609,8.76,400,3504.0
2026-04-02 09:30:04.780,20260402,93004780,000009.SZ,1040611,2,892658,1040609,8.75,2000,17500.0
2026-04-02 09:30:04.820,20260402,93004820,000009.SZ,1042271,2,1041266,1042270,8.76,200,1752.0
2026-04-02 09:30:04.820,20260402,93004820,000009.SZ,1042272,2,892658,1042270,8.75,700,6125.0
2026-04-02 09:30:04.850,20260402,93004850,000009.SZ,1043176,2,892658,1043175,8.75,600,5250.0
2026-04-02 09:30:04.900,20260402,93004900,000009.SZ,1044527,-1,0,265322,0.0,2000,0.0
2026-04-02 09:30:04.990,20260402,93004990,000009.SZ,1046459,2,892658,1046458,8.75,200,1750.0
2026-04-02 09:30:05.090,20260402,93005090,000009.SZ,1049264,1,1049263,959511,8.77,1000,8770.0
2026-04-02 09:30:05.190,20260402,93005190,000009.SZ,1051850,2,892658,1051849,8.75,300,2625.0
2026-04-02 09:30:05.220,20260402,93005220,000009.SZ,1052592,1,1052591,959511,8.77,1000,8770.0
2026-04-02 09:30:05.220,20260402,93005220,000009.SZ,1052680,-1,0,487979,0.0,100,0.0
2026-04-02 09:30:05.270,20260402,93005270,000009.SZ,1054580,1,1054579,959511,8.77,1000,8770.0
2026-04-02 09:30:05.460,20260402,93005460,000009.SZ,1060463,2,892658,1060462,8.75,2000,17500.0
2026-04-02 09:30:05.680,20260402,93005680,000009.SZ,1064223,2,892658,1064222,8.75,200,1750.0
2026-04-02 09:30:05.820,20260402,93005820,000009.SZ,1067430,1,1067429,959511,8.77,100,877.0
2026-04-02 09:30:06.160,20260402,93006160,000009.SZ,1073638,1,1073637,1070233,8.76,100,876.0
2026-04-02 09:30:06.180,20260402,93006180,000009.SZ,1074490,2,1073637,1074489,8.76,100,876.0
2026-04-02 09:30:06.180,20260402,93006180,000009.SZ,1074491,2,1073643,1074489,8.76,200,1752.0
2026-04-02 09:30:06.180,20260402,93006180,000009.SZ,1074492,2,1073644,1074489,8.76,200,1752.0
2026-04-02 09:30:06.180,20260402,93006180,000009.SZ,1074493,2,1073645,1074489,8.76,200,1752.0
2026-04-02 09:30:06.180,20260402,93006180,000009.SZ,1074494,2,1073650,1074489,8.76,200,1752.0
2026-04-02 09:30:06.180,20260402,93006180,000009.SZ,1074495,2,1073651,1074489,8.76,200,1752.0
2026-04-02 09:30:06.180,20260402,93006180,000009.SZ,1074496,2,1073652,1074489,8.76,200,1752.0
2026-04-02 09:30:06.180,20260402,93006180,000009.SZ,1074497,2,1073657,1074489,8.76,200,1752.0
2026-04-02 09:30:06.180,20260402,93006180,000009.SZ,1074498,2,1073681,1074489,8.76,200,1752.0
2026-04-02 09:30:06.180,20260402,93006180,000009.SZ,1074499,2,1073693,1074489,8.76,100,876.0
2026-04-02 09:30:06.310,20260402,93006310,000009.SZ,1081249,2,1073693,1081248,8.76,100,876.0
2026-04-02 09:30:06.310,20260402,93006310,000009.SZ,1081250,2,1073710,1081248,8.76,200,1752.0
2026-04-02 09:30:06.310,20260402,93006310,000009.SZ,1081251,2,1073820,1081248,8.76,200,1752.0
2026-04-02 09:30:06.310,20260402,93006310,000009.SZ,1081252,2,1073822,1081248,8.76,200,1752.0
2026-04-02 09:30:06.310,20260402,93006310,000009.SZ,1081253,2,892658,1081248,8.75,100,875.0
2026-04-02 09:30:06.360,20260402,93006360,000009.SZ,1083286,1,1083285,959511,8.77,700,6139.0
2026-04-02 09:30:06.420,20260402,93006420,000009.SZ,1084419,2,892658,1084418,8.75,2400,21000.0
2026-04-02 09:30:06.530,20260402,93006530,000009.SZ,1089762,-1,0,1029759,0.0,700,0.0
2026-04-02 09:30:06.630,20260402,93006630,000009.SZ,1093677,2,1089307,1093676,8.76,5000,43800.0
2026-04-02 09:30:07.220,20260402,93007220,000009.SZ,1108686,-1,967751,0,0.0,1600,0.0
2026-04-02 09:30:07.320,20260402,93007320,000009.SZ,1112413,2,892658,1112412,8.75,2800,24500.0
2026-04-02 09:30:07.400,20260402,93007400,000009.SZ,1115071,2,892658,1115070,8.75,600,5250.0
2026-04-02 09:30:07.810,20260402,93007810,000009.SZ,1127211,1,1127210,1093676,8.76,1000,8760.0
2026-04-02 09:30:07.910,20260402,93007910,000009.SZ,1129069,2,892658,1129068,8.75,300,2625.0
2026-04-02 09:30:08.130,20260402,93008130,000009.SZ,1132819,2,892658,1132818,8.75,900,7875.0
2026-04-02 09:30:08.370,20260402,93008370,000009.SZ,1136579,2,892658,1136578,8.75,300,2625.0
2026-04-02 09:30:08.460,20260402,93008460,000009.SZ,1137708,2,892658,1137707,8.75,900,7875.0
2026-04-02 09:30:08.460,20260402,93008460,000009.SZ,1137709,2,918776,1137707,8.75,300,2625.0
2026-04-02 09:30:08.690,20260402,93008690,000009.SZ,1140553,-1,0,903008,0.0,800,0.0
2026-04-02 09:30:08.790,20260402,93008790,000009.SZ,1141911,1,1141910,1093676,8.76,100,876.0
2026-04-02 09:30:08.840,20260402,93008840,000009.SZ,1142603,1,1142602,1093676,8.76,100,876.0
2026-04-02 09:30:08.950,20260402,93008950,000009.SZ,1143891,1,1143890,1093676,8.76,100,876.0
2026-04-02 09:30:09.030,20260402,93009030,000009.SZ,1145120,2,918776,1145119,8.75,300,2625.0
2026-04-02 09:30:09.080,20260402,93009080,000009.SZ,1145927,2,918776,1145926,8.75,400,3500.0
2026-04-02 09:30:09.150,20260402,93009150,000009.SZ,1146532,1,1146531,1093676,8.76,100,876.0
2026-04-02 09:30:09.180,20260402,93009180,000009.SZ,1146908,1,1146907,1093676,8.76,100,876.0
2026-04-02 09:30:09.200,20260402,93009200,000009.SZ,1147069,1,1147068,1093676,8.76,300,2628.0
2026-04-02 09:30:09.200,20260402,93009200,000009.SZ,1147070,1,1147068,1094888,8.76,100,876.0
2026-04-02 09:30:09.200,20260402,93009200,000009.SZ,1147071,1,1147068,1094972,8.76,100,876.0
2026-04-02 09:30:09.200,20260402,93009200,000009.SZ,1147072,1,1147068,1095085,8.76,100,876.0
2026-04-02 09:30:09.200,20260402,93009200,000009.SZ,1147073,1,1147068,1142386,8.76,100,876.0
2026-04-02 09:30:09.210,20260402,93009210,000009.SZ,1147657,2,918776,1147656,8.75,1800,15750.0
2026-04-02 09:30:09.240,20260402,93009240,000009.SZ,1148474,2,918776,1148473,8.75,200,1750.0
2026-04-02 09:30:09.240,20260402,93009240,000009.SZ,1148475,2,1040241,1148473,8.75,100,875.0
2026-04-02 09:30:09.240,20260402,93009240,000009.SZ,1148476,2,1116435,1148473,8.75,1000,8750.0
2026-04-02 09:30:09.240,20260402,93009240,000009.SZ,1148477,2,1128994,1148473,8.75,100,875.0
2026-04-02 09:30:09.240,20260402,93009240,000009.SZ,1148478,2,1130999,1148473,8.75,1200,10500.0
2026-04-02 09:30:09.240,20260402,93009240,000009.SZ,1148479,2,1132155,1148473,8.75,100,875.0
2026-04-02 09:30:09.260,20260402,93009260,000009.SZ,1149138,1,1149137,1148473,8.75,100,875.0
2026-04-02 09:30:09.280,20260402,93009280,000009.SZ,1149701,1,1149700,1148473,8.75,600,5250.0
2026-04-02 09:30:09.340,20260402,93009340,000009.SZ,1151087,1,1151086,1148473,8.75,800,7000.0
2026-04-02 09:30:09.560,20260402,93009560,000009.SZ,1157842,2,178510,1157841,8.74,100,874.0
2026-04-02 09:30:09.560,20260402,93009560,000009.SZ,1157843,2,596823,1157841,8.74,1000,8740.0
2026-04-02 09:30:09.560,20260402,93009560,000009.SZ,1157844,2,634514,1157841,8.74,100,874.0
2026-04-02 09:30:09.930,20260402,93009930,000009.SZ,1167737,1,1167736,1148473,8.75,300,2625.0
2026-04-02 09:30:10.130,20260402,93010130,000009.SZ,1170200,1,1170199,1148473,8.75,2500,21875.0
2026-04-02 09:30:10.190,20260402,93010190,000009.SZ,1170748,1,1170747,1148473,8.75,100,875.0
2026-04-02 09:30:10.510,20260402,93010510,000009.SZ,1179127,1,1179126,1148473,8.75,100,875.0
2026-04-02 09:30:10.510,20260402,93010510,000009.SZ,1179128,1,1179126,1165147,8.75,100,875.0
2026-04-02 09:30:10.830,20260402,93010830,000009.SZ,1186675,1,1186674,1170124,8.75,200,1750.0
2026-04-02 09:30:10.830,20260402,93010830,000009.SZ,1186676,1,1186674,1170126,8.75,100,875.0
2026-04-02 09:30:10.830,20260402,93010830,000009.SZ,1186677,1,1186674,1176246,8.75,100,875.0
2026-04-02 09:30:10.830,20260402,93010830,000009.SZ,1186678,1,1186674,1176258,8.75,200,1750.0
2026-04-02 09:30:10.830,20260402,93010830,000009.SZ,1186679,1,1186674,1177857,8.75,100,875.0
2026-04-02 09:30:11.350,20260402,93011350,000009.SZ,1193289,2,634514,1193288,8.74,300,2622.0
2026-04-02 09:30:11.930,20260402,93011930,000009.SZ,1200524,2,634514,1200523,8.74,1200,10488.0
2026-04-02 09:30:12.180,20260402,93012180,000009.SZ,1203526,2,634514,1203525,8.74,300,2622.0
2026-04-02 09:30:12.200,20260402,93012200,000009.SZ,1203830,-1,0,653105,0.0,1200,0.0
2026-04-02 09:30:12.210,20260402,93012210,000009.SZ,1204189,1,1204188,1187313,8.75,100,875.0
2026-04-02 09:30:13.280,20260402,93013280,000009.SZ,1230444,2,634514,1230443,8.74,1000,8740.0
2026-04-02 09:30:13.960,20260402,93013960,000009.SZ,1245250,1,1245249,1187313,8.75,500,4375.0
2026-04-02 09:30:14.240,20260402,93014240,000009.SZ,1248974,1,1248973,1187313,8.75,700,6125.0
2026-04-02 09:30:14.680,20260402,93014680,000009.SZ,1255199,2,634514,1255198,8.74,500,4370.0
2026-04-02 09:30:15.120,20260402,93015120,000009.SZ,1260565,2,634514,1260564,8.74,600,5244.0
2026-04-02 09:30:15.250,20260402,93015250,000009.SZ,1263390,-1,0,1079988,0.0,300,0.0
2026-04-02 09:30:15.290,20260402,93015290,000009.SZ,1264188,2,634514,1264187,8.74,600,5244.0
2026-04-02 09:30:15.740,20260402,93015740,000009.SZ,1276377,-1,0,1202316,0.0,1600,0.0
2026-04-02 09:30:15.760,20260402,93015760,000009.SZ,1277200,-1,0,1202329,0.0,1600,0.0
2026-04-02 09:30:16.700,20260402,93016700,000009.SZ,1295555,1,1295554,1187313,8.75,500,4375.0
2026-04-02 09:30:16.710,20260402,93016710,000009.SZ,1295631,1,1295630,1187313,8.75,700,6125.0
2026-04-02 09:30:16.790,20260402,93016790,000009.SZ,1297809,2,634514,1297808,8.74,300,2622.0
2026-04-02 09:30:16.790,20260402,93016790,000009.SZ,1297839,2,634514,1297838,8.74,300,2622.0
2026-04-02 09:30:16.790,20260402,93016790,000009.SZ,1297923,2,634514,1297922,8.74,2900,25346.0
2026-04-02 09:30:16.890,20260402,93016890,000009.SZ,1299565,2,634514,1299564,8.74,1900,16606.0
2026-04-02 09:30:16.890,20260402,93016890,000009.SZ,1299566,2,664739,1299564,8.74,1000,8740.0
2026-04-02 09:30:17.460,20260402,93017460,000009.SZ,1306764,2,664739,1306763,8.74,3800,33212.0
2026-04-02 09:30:17.480,20260402,93017480,000009.SZ,1307118,-1,910020,0,0.0,1000,0.0
2026-04-02 09:30:17.760,20260402,93017760,000009.SZ,1310540,1,1310539,1187313,8.75,400,3500.0
2026-04-02 09:30:18.000,20260402,93018000,000009.SZ,1313587,-1,405967,0,0.0,6000,0.0
2026-04-02 09:30:18.500,20260402,93018500,000009.SZ,1324339,2,664739,1324338,8.74,300,2622.0
2026-04-02 09:30:18.620,20260402,93018620,000009.SZ,1327855,-1,63119,0,0.0,100,0.0
2026-04-02 09:30:18.680,20260402,93018680,000009.SZ,1329290,2,664739,1329289,8.74,600,5244.0
2026-04-02 09:30:18.690,20260402,93018690,000009.SZ,1329396,2,664739,1329395,8.74,6300,55062.0
2026-04-02 09:30:18.690,20260402,93018690,000009.SZ,1329397,2,741842,1329395,8.74,4300,37582.0
2026-04-02 09:30:18.690,20260402,93018690,000009.SZ,1329398,2,754443,1329395,8.74,1200,10488.0
2026-04-02 09:30:18.690,20260402,93018690,000009.SZ,1329399,2,790681,1329395,8.74,300,2622.0
2026-04-02 09:30:18.690,20260402,93018690,000009.SZ,1329400,2,814081,1329395,8.74,100,874.0
2026-04-02 09:30:18.690,20260402,93018690,000009.SZ,1329401,2,948751,1329395,8.74,1000,8740.0
2026-04-02 09:30:18.690,20260402,93018690,000009.SZ,1329402,2,1204109,1329395,8.74,1100,9614.0
2026-04-02 09:30:18.690,20260402,93018690,000009.SZ,1329403,2,1206205,1329395,8.74,1100,9614.0
2026-04-02 09:30:18.690,20260402,93018690,000009.SZ,1329404,2,1207410,1329395,8.74,300,2622.0
2026-04-02 09:30:18.820,20260402,93018820,000009.SZ,1333245,-1,0,1199446,0.0,2300,0.0
2026-04-02 09:30:18.830,20260402,93018830,000009.SZ,1333526,-1,0,1200312,0.0,2300,0.0
2026-04-02 09:30:18.960,20260402,93018960,000009.SZ,1335291,2,1207410,1335290,8.74,2300,20102.0
2026-04-02 09:30:19.060,20260402,93019060,000009.SZ,1336734,2,1207410,1336733,8.74,400,3496.0
2026-04-02 09:30:19.060,20260402,93019060,000009.SZ,1336735,2,1248978,1336733,8.74,200,1748.0
2026-04-02 09:30:19.060,20260402,93019060,000009.SZ,1336736,2,1254058,1336733,8.74,100,874.0
2026-04-02 09:30:19.060,20260402,93019060,000009.SZ,1336737,2,1300334,1336733,8.74,1600,13984.0
2026-04-02 09:30:19.740,20260402,93019740,000009.SZ,1350839,-1,0,1223755,0.0,4900,0.0
2026-04-02 09:30:19.820,20260402,93019820,000009.SZ,1352379,2,1300334,1352378,8.74,100,874.0
2026-04-02 09:30:19.820,20260402,93019820,000009.SZ,1352380,2,1305109,1352378,8.74,200,1748.0
2026-04-02 09:30:19.870,20260402,93019870,000009.SZ,1353012,2,1305109,1353011,8.74,300,2622.0
2026-04-02 09:30:19.950,20260402,93019950,000009.SZ,1354019,2,1305109,1354018,8.74,700,6118.0
2026-04-02 09:30:19.950,20260402,93019950,000009.SZ,1354020,2,1335732,1354018,8.74,100,874.0
2026-04-02 09:30:20.980,20260402,93020980,000009.SZ,1367724,2,1335732,1367723,8.74,300,2622.0
2026-04-02 09:30:20.980,20260402,93020980,000009.SZ,1367725,2,53989,1367723,8.73,300,2619.0
2026-04-02 09:30:21.230,20260402,93021230,000009.SZ,1371556,1,1371555,1187313,8.75,300,2625.0
2026-04-02 09:30:21.310,20260402,93021310,000009.SZ,1373782,2,1373613,1373781,8.74,100,874.0
2026-04-02 09:30:21.310,20260402,93021310,000009.SZ,1373783,2,53989,1373781,8.73,1500,13095.0
2026-04-02 09:30:21.310,20260402,93021310,000009.SZ,1373784,2,144982,1373781,8.73,100,873.0
2026-04-02 09:30:21.310,20260402,93021310,000009.SZ,1373785,2,363314,1373781,8.73,100,873.0
2026-04-02 09:30:22.630,20260402,93022630,000009.SZ,1402418,2,582860,1402417,8.73,200,1746.0
2026-04-02 09:30:23.110,20260402,93023110,000009.SZ,1410515,2,582860,1410514,8.73,200,1746.0
2026-04-02 09:30:23.190,20260402,93023190,000009.SZ,1411404,1,1411403,1411000,8.74,1000,8740.0
2026-04-02 09:30:23.230,20260402,93023230,000009.SZ,1412036,1,1412035,1411000,8.74,200,1748.0
2026-04-02 09:30:23.700,20260402,93023700,000009.SZ,1417972,1,1417971,1411000,8.74,600,5244.0
2026-04-02 09:30:23.840,20260402,93023840,000009.SZ,1419734,1,1419733,1411000,8.74,100,874.0
2026-04-02 09:30:23.840,20260402,93023840,000009.SZ,1419745,1,1419744,1411000,8.74,100,874.0
2026-04-02 09:30:23.840,20260402,93023840,000009.SZ,1419750,1,1419749,1411000,8.74,100,874.0
2026-04-02 09:30:23.840,20260402,93023840,000009.SZ,1419752,1,1419751,1411000,8.74,100,874.0
2026-04-02 09:30:23.840,20260402,93023840,000009.SZ,1419757,1,1419756,1411000,8.74,100,874.0
2026-04-02 09:30:23.950,20260402,93023950,000009.SZ,1421037,2,582860,1421036,8.73,300,2619.0
2026-04-02 09:30:24.020,20260402,93024020,000009.SZ,1421845,1,1421844,1411000,8.74,100,874.0
2026-04-02 09:30:24.150,20260402,93024150,000009.SZ,1423252,2,582860,1423251,8.73,100,873.0
2026-04-02 09:30:24.150,20260402,93024150,000009.SZ,1423254,2,582860,1423253,8.73,200,1746.0
2026-04-02 09:30:24.150,20260402,93024150,000009.SZ,1423255,2,631965,1423253,8.73,200,1746.0
2026-04-02 09:30:24.150,20260402,93024150,000009.SZ,1423260,2,631965,1423259,8.73,6800,59364.0
2026-04-02 09:30:24.150,20260402,93024150,000009.SZ,1423261,2,636036,1423259,8.73,100,873.0
2026-04-02 09:30:24.150,20260402,93024150,000009.SZ,1423262,2,734625,1423259,8.73,600,5238.0
2026-04-02 09:30:24.150,20260402,93024150,000009.SZ,1423265,2,734625,1423264,8.73,200,1746.0
2026-04-02 09:30:24.150,20260402,93024150,000009.SZ,1423267,2,734625,1423266,8.73,300,2619.0
2026-04-02 09:30:24.160,20260402,93024160,000009.SZ,1423936,1,1423935,1411000,8.74,100,874.0
2026-04-02 09:30:24.190,20260402,93024190,000009.SZ,1425061,-1,0,964562,0.0,100,0.0
2026-04-02 09:30:24.190,20260402,93024190,000009.SZ,1425069,-1,0,1093110,0.0,100,0.0
2026-04-02 09:30:24.190,20260402,93024190,000009.SZ,1425070,-1,0,1093169,0.0,700,0.0
2026-04-02 09:30:24.190,20260402,93024190,000009.SZ,1425073,-1,0,1093142,0.0,1000,0.0
2026-04-02 09:30:24.190,20260402,93024190,000009.SZ,1425084,-1,0,1093164,0.0,800,0.0
2026-04-02 09:30:24.190,20260402,93024190,000009.SZ,1425085,-1,0,1093129,0.0,100,0.0
2026-04-02 09:30:24.200,20260402,93024200,000009.SZ,1425327,-1,0,1204204,0.0,1200,0.0
2026-04-02 09:30:24.230,20260402,93024230,000009.SZ,1425893,2,734625,1425892,8.73,3900,34047.0
2026-04-02 09:30:24.230,20260402,93024230,000009.SZ,1425894,2,752770,1425892,8.73,300,2619.0
2026-04-02 09:30:24.230,20260402,93024230,000009.SZ,1425895,2,870288,1425892,8.73,900,7857.0
2026-04-02 09:30:24.230,20260402,93024230,000009.SZ,1425896,2,870975,1425892,8.73,2000,17460.0
2026-04-02 09:30:24.230,20260402,93024230,000009.SZ,1425897,2,993150,1425892,8.73,5500,48015.0
2026-04-02 09:30:24.250,20260402,93024250,000009.SZ,1426237,2,993150,1426236,8.73,100,873.0
2026-04-02 09:30:24.250,20260402,93024250,000009.SZ,1426242,2,993150,1426241,8.73,100,873.0
2026-04-02 09:30:24.330,20260402,93024330,000009.SZ,1427347,2,993150,1427346,8.73,1300,11349.0
2026-04-02 09:30:24.330,20260402,93024330,000009.SZ,1427348,2,1227121,1427346,8.73,200,1746.0
2026-04-02 09:30:24.330,20260402,93024330,000009.SZ,1427363,2,1227121,1427362,8.73,200,1746.0
2026-04-02 09:30:24.350,20260402,93024350,000009.SZ,1427965,2,1227121,1427964,8.73,100,873.0
2026-04-02 09:30:24.350,20260402,93024350,000009.SZ,1427966,2,1391425,1427964,8.73,100,873.0
2026-04-02 09:30:24.730,20260402,93024730,000009.SZ,1436075,1,1436074,1427964,8.73,100,873.0
2026-04-02 09:30:25.240,20260402,93025240,000009.SZ,1444271,1,1444270,1427964,8.73,300,2619.0
2026-04-02 09:30:25.370,20260402,93025370,000009.SZ,1447158,1,1447157,1427964,8.73,400,3492.0
2026-04-02 09:30:26.340,20260402,93026340,000009.SZ,1461494,1,1461493,1427964,8.73,2800,24444.0
2026-04-02 09:30:26.340,20260402,93026340,000009.SZ,1461495,1,1461493,1428314,8.73,3000,26190.0
2026-04-02 09:30:26.340,20260402,93026340,000009.SZ,1461496,1,1461493,1450276,8.73,2100,18333.0
2026-04-02 09:30:26.340,20260402,93026340,000009.SZ,1461497,1,1461493,1456293,8.73,2300,20079.0
2026-04-02 09:30:26.340,20260402,93026340,000009.SZ,1461498,1,1461493,1457766,8.73,300,2619.0
2026-04-02 09:30:26.340,20260402,93026340,000009.SZ,1461499,1,1461493,1411000,8.74,34700,303278.0
2026-04-02 09:30:26.410,20260402,93026410,000009.SZ,1462341,1,1462340,1411000,8.74,200,1748.0
2026-04-02 09:30:27.180,20260402,93027180,000009.SZ,1471351,-1,0,1365961,0.0,600,0.0
2026-04-02 09:30:27.240,20260402,93027240,000009.SZ,1472650,1,1472649,1462773,8.73,300,2619.0
2026-04-02 09:30:27.240,20260402,93027240,000009.SZ,1472651,1,1472649,1463554,8.73,1100,9603.0
2026-04-02 09:30:27.250,20260402,93027250,000009.SZ,1472727,2,4479,1472726,8.72,200,1744.0
2026-04-02 09:30:27.250,20260402,93027250,000009.SZ,1472728,2,165242,1472726,8.72,500,4360.0
2026-04-02 09:30:27.250,20260402,93027250,000009.SZ,1472729,2,221917,1472726,8.72,100,872.0
2026-04-02 09:30:27.340,20260402,93027340,000009.SZ,1474251,2,221917,1474250,8.72,300,2616.0
2026-04-02 09:30:28.150,20260402,93028150,000009.SZ,1487864,1,1487863,1463554,8.73,300,2619.0
2026-04-02 09:30:28.300,20260402,93028300,000009.SZ,1490530,1,1490529,1463554,8.73,900,7857.0
2026-04-02 09:30:28.410,20260402,93028410,000009.SZ,1492421,1,1492420,1463554,8.73,200,1746.0
2026-04-02 09:30:28.570,20260402,93028570,000009.SZ,1495344,1,1495343,1463554,8.73,100,873.0
2026-04-02 09:30:28.720,20260402,93028720,000009.SZ,1498319,1,1498318,1463554,8.73,700,6111.0
2026-04-02 09:30:28.720,20260402,93028720,000009.SZ,1498327,1,1498326,1463554,8.73,1100,9603.0
2026-04-02 09:30:28.720,20260402,93028720,000009.SZ,1498345,1,1498344,1463554,8.73,500,4365.0
2026-04-02 09:30:28.720,20260402,93028720,000009.SZ,1498346,1,1498344,1471866,8.73,600,5238.0
2026-04-02 09:30:28.720,20260402,93028720,000009.SZ,1498347,1,1498344,1477286,8.73,600,5238.0
2026-04-02 09:30:28.720,20260402,93028720,000009.SZ,1498348,1,1498344,1479778,8.73,600,5238.0
2026-04-02 09:30:28.720,20260402,93028720,000009.SZ,1498349,1,1498344,1485659,8.73,300,2619.0
2026-04-02 09:30:28.720,20260402,93028720,000009.SZ,1498350,1,1498344,1486496,8.73,300,2619.0
2026-04-02 09:30:29.540,20260402,93029540,000009.SZ,1510149,2,1498344,1510148,8.73,200,1746.0
2026-04-02 09:30:29.540,20260402,93029540,000009.SZ,1510150,2,1508356,1510148,8.73,500,4365.0
2026-04-02 09:30:29.540,20260402,93029540,000009.SZ,1510151,2,221917,1510148,8.72,100,872.0
2026-04-02 09:30:29.560,20260402,93029560,000009.SZ,1510544,2,221917,1510543,8.72,300,2616.0
2026-04-02 09:30:29.970,20260402,93029970,000009.SZ,1515092,2,221917,1515091,8.72,200,1744.0
2026-04-02 09:30:29.970,20260402,93029970,000009.SZ,1515093,2,247379,1515091,8.72,300,2616.0
2026-04-02 09:30:29.970,20260402,93029970,000009.SZ,1515094,2,290152,1515091,8.72,100,872.0
2026-04-02 09:30:29.970,20260402,93029970,000009.SZ,1515095,2,624433,1515091,8.72,2300,20056.0
2026-04-02 09:30:30.200,20260402,93030200,000009.SZ,1520091,2,624433,1520090,8.72,900,7848.0
2026-04-02 09:30:30.220,20260402,93030220,000009.SZ,1520508,-1,0,1264425,0.0,300,0.0
2026-04-02 09:30:30.390,20260402,93030390,000009.SZ,1524849,1,1524848,1512863,8.73,1500,13095.0
2026-04-02 09:30:30.410,20260402,93030410,000009.SZ,1525289,1,1525288,1512863,8.73,300,2619.0
2026-04-02 09:30:30.410,20260402,93030410,000009.SZ,1525290,1,1525288,1517707,8.73,200,1746.0
2026-04-02 09:30:30.540,20260402,93030540,000009.SZ,1528755,-1,0,959511,0.0,13400,0.0
2026-04-02 09:30:30.690,20260402,93030690,000009.SZ,1533326,1,1533325,1517707,8.73,200,1746.0
2026-04-02 09:30:30.690,20260402,93030690,000009.SZ,1533327,1,1533325,1521989,8.73,200,1746.0
2026-04-02 09:30:31.130,20260402,93031130,000009.SZ,1543160,1,1543159,1521989,8.73,100,873.0
2026-04-02 09:30:31.470,20260402,93031470,000009.SZ,1551707,2,1543159,1551706,8.73,100,873.0
2026-04-02 09:30:32.410,20260402,93032410,000009.SZ,1568859,2,1543159,1568858,8.73,100,873.0
2026-04-02 09:30:32.410,20260402,93032410,000009.SZ,1568860,2,1548107,1568858,8.73,500,4365.0
2026-04-02 09:30:33.200,20260402,93033200,000009.SZ,1579101,2,1548107,1579100,8.73,300,2619.0
2026-04-02 09:30:33.200,20260402,93033200,000009.SZ,1579102,2,1562120,1579100,8.73,100,873.0
2026-04-02 09:30:33.200,20260402,93033200,000009.SZ,1579103,2,624433,1579100,8.72,200,1744.0
2026-04-02 09:30:33.210,20260402,93033210,000009.SZ,1579621,1,1579620,1579437,8.73,200,1746.0
2026-04-02 09:30:33.250,20260402,93033250,000009.SZ,1580648,1,1580647,1579437,8.73,100,873.0
2026-04-02 09:30:33.430,20260402,93033430,000009.SZ,1585413,-1,885958,0,0.0,2000,0.0
2026-04-02 09:30:33.800,20260402,93033800,000009.SZ,1595225,2,1580647,1595224,8.73,1400,12222.0
2026-04-02 09:30:33.840,20260402,93033840,000009.SZ,1596291,1,1596290,1411000,8.74,100,874.0
2026-04-02 09:30:34.010,20260402,93034010,000009.SZ,1598849,1,1598848,1411000,8.74,700,6118.0
2026-04-02 09:30:34.330,20260402,93034330,000009.SZ,1604526,-1,0,914644,0.0,1100,0.0
2026-04-02 09:30:34.360,20260402,93034360,000009.SZ,1605275,2,1580647,1605274,8.73,400,3492.0
2026-04-02 09:30:34.490,20260402,93034490,000009.SZ,1607598,2,1580647,1607597,8.73,800,6984.0
2026-04-02 09:30:34.490,20260402,93034490,000009.SZ,1607599,2,1580649,1607597,8.73,100,873.0
2026-04-02 09:30:34.720,20260402,93034720,000009.SZ,1612615,2,1580649,1612614,8.73,100,873.0
2026-04-02 09:30:34.770,20260402,93034770,000009.SZ,1613475,-1,0,1031713,0.0,200,0.0
2026-04-02 09:30:35.120,20260402,93035120,000009.SZ,1617795,1,1617794,1411000,8.74,300,2622.0
2026-04-02 09:30:35.800,20260402,93035800,000009.SZ,1626348,1,1626347,1411000,8.74,300,2622.0
2026-04-02 09:30:35.840,20260402,93035840,000009.SZ,1626827,1,1626826,1411000,8.74,800,6992.0
2026-04-02 09:30:35.840,20260402,93035840,000009.SZ,1626841,1,1626840,1411000,8.74,700,6118.0
2026-04-02 09:30:35.980,20260402,93035980,000009.SZ,1628626,1,1628625,1411000,8.74,500,4370.0
2026-04-02 09:30:36.150,20260402,93036150,000009.SZ,1631014,1,1631013,1411000,8.74,100,874.0
2026-04-02 09:30:36.150,20260402,93036150,000009.SZ,1631024,2,1580649,1631023,8.73,1000,8730.0
2026-04-02 09:30:36.150,20260402,93036150,000009.SZ,1631027,1,1631026,1411000,8.74,300,2622.0
2026-04-02 09:30:36.150,20260402,93036150,000009.SZ,1631033,2,1580649,1631032,8.73,300,2619.0
2026-04-02 09:30:36.150,20260402,93036150,000009.SZ,1631039,2,1580649,1631038,8.73,900,7857.0
2026-04-02 09:30:36.650,20260402,93036650,000009.SZ,1642551,-1,0,1200814,0.0,1000,0.0
2026-04-02 09:30:36.960,20260402,93036960,000009.SZ,1647484,2,1580649,1647483,8.73,200,1746.0
2026-04-02 09:30:36.960,20260402,93036960,000009.SZ,1647485,2,1580650,1647483,8.73,400,3492.0
2026-04-02 09:30:36.970,20260402,93036970,000009.SZ,1647618,2,1580650,1647617,8.73,100,873.0
2026-04-02 09:30:37.250,20260402,93037250,000009.SZ,1652557,-1,1631025,0,0.0,200,0.0
2026-04-02 09:30:37.770,20260402,93037770,000009.SZ,1662182,2,1580650,1662181,8.73,200,1746.0
2026-04-02 09:30:38.320,20260402,93038320,000009.SZ,1669720,-1,0,1196895,0.0,200,0.0
2026-04-02 09:30:38.360,20260402,93038360,000009.SZ,1670112,2,1580650,1670111,8.73,800,6984.0
2026-04-02 09:30:38.410,20260402,93038410,000009.SZ,1670913,2,1580650,1670912,8.73,1200,10476.0
2026-04-02 09:30:38.410,20260402,93038410,000009.SZ,1670914,2,1580652,1670912,8.73,100,873.0
2026-04-02 09:30:39.170,20260402,93039170,000009.SZ,1679736,2,1580652,1679735,8.73,1000,8730.0
2026-04-02 09:30:39.190,20260402,93039190,000009.SZ,1680150,2,1580652,1680149,8.73,200,1746.0
2026-04-02 09:30:39.200,20260402,93039200,000009.SZ,1680278,2,1580652,1680277,8.73,600,5238.0
2026-04-02 09:30:39.200,20260402,93039200,000009.SZ,1680338,2,1580652,1680337,8.73,300,2619.0
2026-04-02 09:30:39.460,20260402,93039460,000009.SZ,1686065,1,1686064,1411000,8.74,200,1748.0
2026-04-02 09:30:39.550,20260402,93039550,000009.SZ,1687294,2,1580652,1687293,8.73,100,873.0
2026-04-02 09:30:39.550,20260402,93039550,000009.SZ,1687305,2,1580652,1687304,8.73,100,873.0
2026-04-02 09:30:40.870,20260402,93040870,000009.SZ,1709159,-1,965823,0,0.0,1200,0.0
2026-04-02 09:30:40.920,20260402,93040920,000009.SZ,1709886,2,1580652,1709885,8.73,300,2619.0
2026-04-02 09:30:41.760,20260402,93041760,000009.SZ,1720597,2,1580652,1720596,8.73,300,2619.0
2026-04-02 09:30:41.910,20260402,93041910,000009.SZ,1722431,-1,0,784824,0.0,5000,0.0
2026-04-02 09:30:42.250,20260402,93042250,000009.SZ,1728245,-1,0,1203153,0.0,100,0.0
2026-04-02 09:30:42.340,20260402,93042340,000009.SZ,1730135,2,1580652,1730134,8.73,300,2619.0
2026-04-02 09:30:42.390,20260402,93042390,000009.SZ,1731265,2,1580652,1731264,8.73,100,873.0
2026-04-02 09:30:42.390,20260402,93042390,000009.SZ,1731266,2,1580654,1731264,8.73,500,4365.0
2026-04-02 09:30:42.650,20260402,93042650,000009.SZ,1737000,-1,1458993,0,0.0,1100,0.0
2026-04-02 09:30:42.900,20260402,93042900,000009.SZ,1741152,2,1580654,1741151,8.73,2400,20952.0
2026-04-02 09:30:43.260,20260402,93043260,000009.SZ,1745908,-1,1725987,0,0.0,200,0.0
2026-04-02 09:30:43.370,20260402,93043370,000009.SZ,1748149,2,1580654,1748148,8.73,300,2619.0
2026-04-02 09:30:43.370,20260402,93043370,000009.SZ,1748150,2,1580655,1748148,8.73,300,2619.0
2026-04-02 09:30:43.390,20260402,93043390,000009.SZ,1748558,2,1580655,1748557,8.73,900,7857.0
2026-04-02 09:30:43.920,20260402,93043920,000009.SZ,1759545,2,1580655,1759544,8.73,2900,25317.0
2026-04-02 09:30:43.920,20260402,93043920,000009.SZ,1759546,2,1580662,1759544,8.73,2800,24444.0
2026-04-02 09:30:43.920,20260402,93043920,000009.SZ,1759547,2,1580664,1759544,8.73,1800,15714.0
2026-04-02 09:30:43.920,20260402,93043920,000009.SZ,1759548,2,1580666,1759544,8.73,200,1746.0
2026-04-02 09:30:43.920,20260402,93043920,000009.SZ,1759549,2,1623464,1759544,8.73,1200,10476.0
2026-04-02 09:30:43.920,20260402,93043920,000009.SZ,1759550,2,1648937,1759544,8.73,500,4365.0
2026-04-02 09:30:43.920,20260402,93043920,000009.SZ,1759551,2,1675159,1759544,8.73,100,873.0
2026-04-02 09:30:43.920,20260402,93043920,000009.SZ,1759552,2,1710635,1759544,8.73,300,2619.0
2026-04-02 09:30:43.920,20260402,93043920,000009.SZ,1759553,2,1716465,1759544,8.73,100,873.0
2026-04-02 09:30:43.920,20260402,93043920,000009.SZ,1759554,2,1718718,1759544,8.73,500,4365.0
2026-04-02 09:30:44.000,20260402,93044000,000009.SZ,1760581,1,1760580,1759544,8.73,100,873.0
2026-04-02 09:30:44.380,20260402,93044380,000009.SZ,1766039,-1,756730,0,0.0,10000,0.0
2026-04-02 09:30:44.480,20260402,93044480,000009.SZ,1767514,-1,0,1007361,0.0,1700,0.0
2026-04-02 09:30:44.480,20260402,93044480,000009.SZ,1767520,-1,0,1007277,0.0,1800,0.0
2026-04-02 09:30:44.480,20260402,93044480,000009.SZ,1767521,-1,0,1007270,0.0,1800,0.0
2026-04-02 09:30:44.480,20260402,93044480,000009.SZ,1767537,-1,0,1007265,0.0,1800,0.0
2026-04-02 09:30:44.480,20260402,93044480,000009.SZ,1767559,-1,0,1007445,0.0,1800,0.0
2026-04-02 09:30:44.510,20260402,93044510,000009.SZ,1767913,-1,0,1008265,0.0,300,0.0
2026-04-02 09:30:45.170,20260402,93045170,000009.SZ,1777148,2,624433,1777147,8.72,600,5232.0
2026-04-02 09:30:45.170,20260402,93045170,000009.SZ,1777253,1,1777252,1759544,8.73,500,4365.0
2026-04-02 09:30:45.260,20260402,93045260,000009.SZ,1779628,1,1779627,1759544,8.73,1900,16587.0
2026-04-02 09:30:47.020,20260402,93047020,000009.SZ,1812230,1,1812229,1759544,8.73,2400,20952.0
2026-04-02 09:30:47.130,20260402,93047130,000009.SZ,1813792,2,624433,1813791,8.72,1500,13080.0
2026-04-02 09:30:47.130,20260402,93047130,000009.SZ,1813793,2,733098,1813791,8.72,2700,23544.0
2026-04-02 09:30:47.170,20260402,93047170,000009.SZ,1814647,1,1814646,1759544,8.73,1400,12222.0
2026-04-02 09:30:48.150,20260402,93048150,000009.SZ,1830574,2,733098,1830573,8.72,100,872.0
2026-04-02 09:30:49.250,20260402,93049250,000009.SZ,1849934,-1,1830563,0,0.0,200,0.0
2026-04-02 09:30:50.850,20260402,93050850,000009.SZ,1878584,2,733098,1878583,8.72,600,5232.0
2026-04-02 09:30:50.980,20260402,93050980,000009.SZ,1880856,-1,0,972435,0.0,29400,0.0
2026-04-02 09:30:51.200,20260402,93051200,000009.SZ,1884673,2,733098,1884672,8.72,1200,10464.0
2026-04-02 09:30:51.200,20260402,93051200,000009.SZ,1884695,2,733098,1884694,8.72,1400,12208.0
2026-04-02 09:30:51.200,20260402,93051200,000009.SZ,1884705,2,733098,1884704,8.72,300,2616.0
2026-04-02 09:30:51.200,20260402,93051200,000009.SZ,1884723,2,733098,1884722,8.72,200,1744.0
2026-04-02 09:30:51.210,20260402,93051210,000009.SZ,1884882,2,733098,1884881,8.72,700,6104.0
2026-04-02 09:30:51.410,20260402,93051410,000009.SZ,1888751,2,733098,1888750,8.72,1300,11336.0
2026-04-02 09:30:51.410,20260402,93051410,000009.SZ,1888752,2,771048,1888750,8.72,100,872.0
2026-04-02 09:30:51.710,20260402,93051710,000009.SZ,1894713,1,1894712,1759544,8.73,200,1746.0
2026-04-02 09:30:52.300,20260402,93052300,000009.SZ,1905595,-1,0,723128,0.0,18900,0.0
2026-04-02 09:30:52.580,20260402,93052580,000009.SZ,1911823,-1,0,1641565,0.0,1200,0.0
2026-04-02 09:30:52.580,20260402,93052580,000009.SZ,1911824,-1,0,1688243,0.0,600,0.0
2026-04-02 09:30:53.370,20260402,93053370,000009.SZ,1926968,1,1926967,1759544,8.73,3700,32301.0
2026-04-02 09:30:55.000,20260402,93055000,000009.SZ,1952247,2,771048,1952246,8.72,600,5232.0
2026-04-02 09:30:55.060,20260402,93055060,000009.SZ,1953478,1,1953477,1759544,8.73,1900,16587.0
2026-04-02 09:30:55.060,20260402,93055060,000009.SZ,1953479,1,1953477,1760519,8.73,100,873.0
2026-04-02 09:30:55.130,20260402,93055130,000009.SZ,1954819,-1,0,1362753,0.0,100,0.0
2026-04-02 09:30:55.130,20260402,93055130,000009.SZ,1954908,2,771048,1954907,8.72,100,872.0
2026-04-02 09:30:55.230,20260402,93055230,000009.SZ,1956660,1,1956659,1760519,8.73,200,1746.0
2026-04-02 09:30:56.320,20260402,93056320,000009.SZ,1974729,1,1974728,1760519,8.73,100,873.0
2026-04-02 09:30:56.320,20260402,93056320,000009.SZ,1974730,1,1974728,1787021,8.73,1300,11349.0
2026-04-02 09:30:56.320,20260402,93056320,000009.SZ,1974731,1,1974728,1829207,8.73,300,2619.0
2026-04-02 09:30:56.800,20260402,93056800,000009.SZ,1981369,2,771048,1981368,8.72,400,3488.0
2026-04-02 09:30:58.250,20260402,93058250,000009.SZ,2003638,-1,1985728,0,0.0,200,0.0
2026-04-02 09:30:59.210,20260402,93059210,000009.SZ,2016550,1,2016549,1829207,8.73,100,873.0
2026-04-02 09:31:00.130,20260402,93100130,000009.SZ,2028456,2,771048,2028455,8.72,2800,24416.0
2026-04-02 09:31:00.130,20260402,93100130,000009.SZ,2028457,2,915421,2028455,8.72,2200,19184.0
2026-04-02 09:31:00.130,20260402,93100130,000009.SZ,2028459,2,915421,2028458,8.72,5000,43600.0
2026-04-02 09:31:00.230,20260402,93100230,000009.SZ,2031947,-1,0,624798,0.0,1000,0.0
2026-04-02 09:31:00.280,20260402,93100280,000009.SZ,2032915,-1,760712,0,0.0,3000,0.0
2026-04-02 09:31:01.220,20260402,93101220,000009.SZ,2050875,-1,0,1934201,0.0,1100,0.0
2026-04-02 09:31:01.250,20260402,93101250,000009.SZ,2051382,2,915421,2051381,8.72,100,872.0
2026-04-02 09:31:01.400,20260402,93101400,000009.SZ,2054458,2,915421,2054457,8.72,2900,25288.0
2026-04-02 09:31:01.910,20260402,93101910,000009.SZ,2063679,2,915421,2063678,8.72,2300,20056.0
2026-04-02 09:31:01.910,20260402,93101910,000009.SZ,2063680,2,943594,2063678,8.72,3500,30520.0
2026-04-02 09:31:01.910,20260402,93101910,000009.SZ,2063681,2,1005777,2063678,8.72,500,4360.0
2026-04-02 09:31:01.910,20260402,93101910,000009.SZ,2063682,2,1008274,2063678,8.72,2000,17440.0
2026-04-02 09:31:01.910,20260402,93101910,000009.SZ,2063683,2,1058859,2063678,8.72,800,6976.0
2026-04-02 09:31:01.910,20260402,93101910,000009.SZ,2063684,2,1360943,2063678,8.72,1900,16568.0
2026-04-02 09:31:01.910,20260402,93101910,000009.SZ,2063763,2,1360943,2063762,8.72,2900,25288.0
2026-04-02 09:31:01.910,20260402,93101910,000009.SZ,2063772,2,1360943,2063771,8.72,1200,10464.0
2026-04-02 09:31:01.920,20260402,93101920,000009.SZ,2063869,2,1360943,2063868,8.72,3100,27032.0
2026-04-02 09:31:01.950,20260402,93101950,000009.SZ,2064161,2,1360943,2064160,8.72,200,1744.0
2026-04-02 09:31:01.990,20260402,93101990,000009.SZ,2064869,-1,0,1831570,0.0,500,0.0
2026-04-02 09:31:02.180,20260402,93102180,000009.SZ,2068069,2,1360943,2068068,8.72,200,1744.0
2026-04-02 09:31:02.350,20260402,93102350,000009.SZ,2070830,2,1360943,2070829,8.72,600,5232.0
2026-04-02 09:31:02.400,20260402,93102400,000009.SZ,2071547,2,1360943,2071546,8.72,200,1744.0
2026-04-02 09:31:02.440,20260402,93102440,000009.SZ,2072110,-1,0,1631914,0.0,100,0.0
2026-04-02 09:31:02.860,20260402,93102860,000009.SZ,2077667,2,1360943,2077666,8.72,500,4360.0
2026-04-02 09:31:03.050,20260402,93103050,000009.SZ,2080476,2,1360943,2080475,8.72,1100,9592.0
2026-04-02 09:31:03.080,20260402,93103080,000009.SZ,2080961,2,1360943,2080960,8.72,2600,22672.0
2026-04-02 09:31:03.150,20260402,93103150,000009.SZ,2081908,2,1360943,2081907,8.72,500,4360.0
2026-04-02 09:31:03.150,20260402,93103150,000009.SZ,2081927,2,1360943,2081926,8.72,2200,19184.0
2026-04-02 09:31:03.150,20260402,93103150,000009.SZ,2081928,2,1428779,2081926,8.72,500,4360.0
2026-04-02 09:31:03.150,20260402,93103150,000009.SZ,2081929,2,1484809,2081926,8.72,1000,8720.0
2026-04-02 09:31:03.150,20260402,93103150,000009.SZ,2081930,2,1551347,2081926,8.72,1000,8720.0
2026-04-02 09:31:03.150,20260402,93103150,000009.SZ,2081931,2,1626259,2081926,8.72,400,3488.0
2026-04-02 09:31:03.150,20260402,93103150,000009.SZ,2081932,2,1644888,2081926,8.72,100,872.0
2026-04-02 09:31:03.150,20260402,93103150,000009.SZ,2081933,2,1668934,2081926,8.72,2000,17440.0
2026-04-02 09:31:03.150,20260402,93103150,000009.SZ,2081934,2,1683577,2081926,8.72,1000,8720.0
2026-04-02 09:31:03.150,20260402,93103150,000009.SZ,2081935,2,1710378,2081926,8.72,1000,8720.0
2026-04-02 09:31:03.150,20260402,93103150,000009.SZ,2081936,2,1726449,2081926,8.72,100,872.0
2026-04-02 09:31:03.160,20260402,93103160,000009.SZ,2081988,2,1726449,2081987,8.72,400,3488.0
2026-04-02 09:31:03.160,20260402,93103160,000009.SZ,2081989,2,1744189,2081987,8.72,600,5232.0
2026-04-02 09:31:03.160,20260402,93103160,000009.SZ,2081990,2,1761893,2081987,8.72,200,1744.0
2026-04-02 09:31:03.160,20260402,93103160,000009.SZ,2081991,2,1792628,2081987,8.72,500,4360.0
2026-04-02 09:31:03.160,20260402,93103160,000009.SZ,2081992,2,1825295,2081987,8.72,500,4360.0
2026-04-02 09:31:03.160,20260402,93103160,000009.SZ,2081993,2,1879265,2081987,8.72,200,1744.0
2026-04-02 09:31:03.160,20260402,93103160,000009.SZ,2081994,2,1884363,2081987,8.72,100,872.0
2026-04-02 09:31:03.160,20260402,93103160,000009.SZ,2081995,2,1906847,2081987,8.72,1000,8720.0
2026-04-02 09:31:03.160,20260402,93103160,000009.SZ,2081996,2,1927907,2081987,8.72,500,4360.0
2026-04-02 09:31:03.160,20260402,93103160,000009.SZ,2081997,2,1990143,2081987,8.72,500,4360.0
2026-04-02 09:31:03.160,20260402,93103160,000009.SZ,2081998,2,2003918,2081987,8.72,600,5232.0
2026-04-02 09:31:03.160,20260402,93103160,000009.SZ,2082001,2,2003918,2082000,8.72,900,7848.0
2026-04-02 09:31:03.160,20260402,93103160,000009.SZ,2082004,2,2003918,2082003,8.72,600,5232.0
2026-04-02 09:31:03.160,20260402,93103160,000009.SZ,2082007,2,2003918,2082006,8.72,2600,22672.0
2026-04-02 09:31:03.160,20260402,93103160,000009.SZ,2082009,2,2003918,2082008,8.72,2400,20928.0
2026-04-02 09:31:03.160,20260402,93103160,000009.SZ,2082011,2,2003918,2082010,8.72,2500,21800.0
2026-04-02 09:31:03.170,20260402,93103170,000009.SZ,2082332,2,2003918,2082331,8.72,400,3488.0
2026-04-02 09:31:03.170,20260402,93103170,000009.SZ,2082333,2,2015043,2082331,8.72,200,1744.0
2026-04-02 09:31:03.170,20260402,93103170,000009.SZ,2082334,2,2046940,2082331,8.72,1600,13952.0
2026-04-02 09:31:03.200,20260402,93103200,000009.SZ,2083088,2,88464,2083087,8.71,100,871.0
2026-04-02 09:31:03.220,20260402,93103220,000009.SZ,2083650,-1,0,1631923,0.0,100,0.0
2026-04-02 09:31:03.220,20260402,93103220,000009.SZ,2083656,-1,0,1631937,0.0,700,0.0
2026-04-02 09:31:03.220,20260402,93103220,000009.SZ,2083660,-1,0,1631932,0.0,800,0.0
2026-04-02 09:31:03.220,20260402,93103220,000009.SZ,2083707,-1,0,1631949,0.0,1100,0.0
2026-04-02 09:31:03.310,20260402,93103310,000009.SZ,2085785,2,144547,2085784,8.71,100,871.0
2026-04-02 09:31:03.310,20260402,93103310,000009.SZ,2085786,2,164124,2085784,8.71,200,1742.0
2026-04-02 09:31:03.560,20260402,93103560,000009.SZ,2090257,2,164124,2090256,8.71,300,2613.0
2026-04-02 09:31:03.560,20260402,93103560,000009.SZ,2090258,2,215412,2090256,8.71,300,2613.0
2026-04-02 09:31:03.600,20260402,93103600,000009.SZ,2091257,-1,0,1923129,0.0,2400,0.0
2026-04-02 09:31:03.620,20260402,93103620,000009.SZ,2091818,-1,0,1912183,0.0,200,0.0
2026-04-02 09:31:03.650,20260402,93103650,000009.SZ,2092398,-1,0,1195148,0.0,2900,0.0
2026-04-02 09:31:04.180,20260402,93104180,000009.SZ,2100941,-1,0,2082331,0.0,6100,0.0
2026-04-02 09:31:04.580,20260402,93104580,000009.SZ,2108868,2,342536,2108867,8.71,200,1742.0
2026-04-02 09:31:05.030,20260402,93105030,000009.SZ,2116924,1,2116923,2082587,8.72,400,3488.0
2026-04-02 09:31:05.030,20260402,93105030,000009.SZ,2116925,1,2116923,2082616,8.72,400,3488.0
2026-04-02 09:31:05.030,20260402,93105030,000009.SZ,2116926,1,2116923,2082618,8.72,200,1744.0
2026-04-02 09:31:05.030,20260402,93105030,000009.SZ,2116927,1,2116923,2083723,8.72,500,4360.0
2026-04-02 09:31:05.170,20260402,93105170,000009.SZ,2119376,2,342536,2119375,8.71,800,6968.0
2026-04-02 09:31:05.220,20260402,93105220,000009.SZ,2120253,2,423815,2120252,8.71,2300,20033.0
2026-04-02 09:31:05.880,20260402,93105880,000009.SZ,2130013,2,423815,2130012,8.71,600,5226.0
2026-04-02 09:31:05.960,20260402,93105960,000009.SZ,2131158,2,423815,2131157,8.71,300,2613.0
2026-04-02 09:31:05.990,20260402,93105990,000009.SZ,2131547,-1,0,2083730,0.0,100,0.0
2026-04-02 09:31:05.990,20260402,93105990,000009.SZ,2131590,-1,0,2083733,0.0,100,0.0
2026-04-02 09:31:06.060,20260402,93106060,000009.SZ,2133050,1,2133049,2083723,8.72,100,872.0
2026-04-02 09:31:06.060,20260402,93106060,000009.SZ,2133051,1,2133049,2091868,8.72,100,872.0
2026-04-02 09:31:06.060,20260402,93106060,000009.SZ,2133052,1,2133049,2096896,8.72,1300,11336.0
2026-04-02 09:31:06.060,20260402,93106060,000009.SZ,2133053,1,2133049,2099328,8.72,200,1744.0
2026-04-02 09:31:06.060,20260402,93106060,000009.SZ,2133054,1,2133049,2099527,8.72,300,2616.0
2026-04-02 09:31:06.120,20260402,93106120,000009.SZ,2134142,2,423815,2134141,8.71,1400,12194.0
2026-04-02 09:31:06.160,20260402,93106160,000009.SZ,2135038,2,423815,2135037,8.71,1100,9581.0
2026-04-02 09:31:06.160,20260402,93106160,000009.SZ,2135040,2,423815,2135039,8.71,300,2613.0
2026-04-02 09:31:06.160,20260402,93106160,000009.SZ,2135041,2,602693,2135039,8.71,2000,17420.0
2026-04-02 09:31:06.160,20260402,93106160,000009.SZ,2135042,2,620112,2135039,8.71,900,7839.0
2026-04-02 09:31:06.160,20260402,93106160,000009.SZ,2135086,2,620112,2135085,8.71,100,871.0
2026-04-02 09:31:06.160,20260402,93106160,000009.SZ,2135087,2,658957,2135085,8.71,600,5226.0
2026-04-02 09:31:06.160,20260402,93106160,000009.SZ,2135127,-1,0,1467390,0.0,600,0.0
2026-04-02 09:31:06.170,20260402,93106170,000009.SZ,2135287,2,658957,2135286,8.71,100,871.0
2026-04-02 09:31:06.170,20260402,93106170,000009.SZ,2135299,2,658957,2135298,8.71,400,3484.0
2026-04-02 09:31:06.170,20260402,93106170,000009.SZ,2135301,2,658957,2135300,8.71,300,2613.0
2026-04-02 09:31:06.170,20260402,93106170,000009.SZ,2135304,2,658957,2135303,8.71,100,871.0
2026-04-02 09:31:06.170,20260402,93106170,000009.SZ,2135306,2,658957,2135305,8.71,500,4355.0
2026-04-02 09:31:06.170,20260402,93106170,000009.SZ,2135309,2,658957,2135308,8.71,100,871.0
2026-04-02 09:31:06.170,20260402,93106170,000009.SZ,2135315,2,658957,2135314,8.71,500,4355.0
2026-04-02 09:31:06.170,20260402,93106170,000009.SZ,2135322,2,658957,2135321,8.71,100,871.0
2026-04-02 09:31:06.170,20260402,93106170,000009.SZ,2135325,2,658957,2135324,8.71,100,871.0
2026-04-02 09:31:06.170,20260402,93106170,000009.SZ,2135332,2,658957,2135331,8.71,1000,8710.0
2026-04-02 09:31:06.170,20260402,93106170,000009.SZ,2135334,2,658957,2135333,8.71,100,871.0
2026-04-02 09:31:06.170,20260402,93106170,000009.SZ,2135336,2,658957,2135335,8.71,300,2613.0
2026-04-02 09:31:06.170,20260402,93106170,000009.SZ,2135338,2,658957,2135337,8.71,200,1742.0
2026-04-02 09:31:06.170,20260402,93106170,000009.SZ,2135340,2,658957,2135339,8.71,500,4355.0
2026-04-02 09:31:06.170,20260402,93106170,000009.SZ,2135342,2,658957,2135341,8.71,100,871.0
2026-04-02 09:31:06.170,20260402,93106170,000009.SZ,2135346,2,673413,2135345,8.71,100,871.0
2026-04-02 09:31:06.170,20260402,93106170,000009.SZ,2135349,2,673413,2135348,8.71,300,2613.0
2026-04-02 09:31:06.170,20260402,93106170,000009.SZ,2135372,2,673413,2135371,8.71,100,871.0
2026-04-02 09:31:06.170,20260402,93106170,000009.SZ,2135375,2,673413,2135374,8.71,100,871.0
2026-04-02 09:31:06.170,20260402,93106170,000009.SZ,2135377,2,673413,2135376,8.71,300,2613.0
2026-04-02 09:31:06.170,20260402,93106170,000009.SZ,2135381,2,673413,2135380,8.71,100,871.0
2026-04-02 09:31:06.170,20260402,93106170,000009.SZ,2135384,2,673413,2135383,8.71,100,871.0
2026-04-02 09:31:06.170,20260402,93106170,000009.SZ,2135387,2,673413,2135386,8.71,200,1742.0
2026-04-02 09:31:06.170,20260402,93106170,000009.SZ,2135390,2,673413,2135389,8.71,100,871.0
2026-04-02 09:31:06.170,20260402,93106170,000009.SZ,2135393,2,673413,2135392,8.71,300,2613.0
2026-04-02 09:31:06.170,20260402,93106170,000009.SZ,2135395,2,673413,2135394,8.71,100,871.0
2026-04-02 09:31:06.170,20260402,93106170,000009.SZ,2135398,2,673413,2135397,8.71,100,871.0
2026-04-02 09:31:06.170,20260402,93106170,000009.SZ,2135402,2,673413,2135401,8.71,200,1742.0
2026-04-02 09:31:06.170,20260402,93106170,000009.SZ,2135405,2,673413,2135404,8.71,200,1742.0
2026-04-02 09:31:06.170,20260402,93106170,000009.SZ,2135409,2,673413,2135408,8.71,1700,14807.0
2026-04-02 09:31:06.170,20260402,93106170,000009.SZ,2135412,2,673413,2135411,8.71,200,1742.0
2026-04-02 09:31:06.170,20260402,93106170,000009.SZ,2135414,2,673413,2135413,8.71,1700,14807.0
2026-04-02 09:31:06.170,20260402,93106170,000009.SZ,2135417,2,673413,2135416,8.71,100,871.0
2026-04-02 09:31:06.170,20260402,93106170,000009.SZ,2135420,2,673413,2135419,8.71,100,871.0
2026-04-02 09:31:06.170,20260402,93106170,000009.SZ,2135429,2,673413,2135428,8.71,100,871.0
2026-04-02 09:31:06.170,20260402,93106170,000009.SZ,2135444,2,673413,2135443,8.71,800,6968.0
2026-04-02 09:31:06.170,20260402,93106170,000009.SZ,2135445,2,681715,2135443,8.71,300,2613.0
2026-04-02 09:31:06.170,20260402,93106170,000009.SZ,2135458,2,681715,2135457,8.71,100,871.0
2026-04-02 09:31:06.170,20260402,93106170,000009.SZ,2135465,2,681715,2135464,8.71,100,871.0
2026-04-02 09:31:06.170,20260402,93106170,000009.SZ,2135472,2,681715,2135471,8.71,100,871.0
2026-04-02 09:31:06.170,20260402,93106170,000009.SZ,2135475,2,681715,2135474,8.71,100,871.0
2026-04-02 09:31:06.170,20260402,93106170,000009.SZ,2135481,2,681715,2135480,8.71,100,871.0
2026-04-02 09:31:06.170,20260402,93106170,000009.SZ,2135486,2,681715,2135485,8.71,100,871.0
2026-04-02 09:31:06.170,20260402,93106170,000009.SZ,2135487,2,682559,2135485,8.71,200,1742.0
2026-04-02 09:31:06.170,20260402,93106170,000009.SZ,2135497,2,682559,2135496,8.71,400,3484.0
2026-04-02 09:31:06.170,20260402,93106170,000009.SZ,2135499,2,682559,2135498,8.71,100,871.0
2026-04-02 09:31:06.170,20260402,93106170,000009.SZ,2135501,2,682559,2135500,8.71,100,871.0
2026-04-02 09:31:06.170,20260402,93106170,000009.SZ,2135505,2,682559,2135504,8.71,100,871.0
2026-04-02 09:31:06.170,20260402,93106170,000009.SZ,2135507,2,682559,2135506,8.71,2900,25259.0
2026-04-02 09:31:06.170,20260402,93106170,000009.SZ,2135509,2,682559,2135508,8.71,100,871.0
2026-04-02 09:31:06.170,20260402,93106170,000009.SZ,2135511,2,682559,2135510,8.71,1100,9581.0
2026-04-02 09:31:06.170,20260402,93106170,000009.SZ,2135513,2,682559,2135512,8.71,200,1742.0
2026-04-02 09:31:06.170,20260402,93106170,000009.SZ,2135516,2,682559,2135515,8.71,300,2613.0
2026-04-02 09:31:06.170,20260402,93106170,000009.SZ,2135518,2,682559,2135517,8.71,500,4355.0
2026-04-02 09:31:06.170,20260402,93106170,000009.SZ,2135520,2,682559,2135519,8.71,100,871.0
2026-04-02 09:31:06.170,20260402,93106170,000009.SZ,2135523,2,682559,2135522,8.71,100,871.0
2026-04-02 09:31:06.170,20260402,93106170,000009.SZ,2135525,2,682559,2135524,8.71,100,871.0
2026-04-02 09:31:06.170,20260402,93106170,000009.SZ,2135528,2,682559,2135527,8.71,100,871.0
2026-04-02 09:31:06.170,20260402,93106170,000009.SZ,2135531,2,682559,2135530,8.71,100,871.0
2026-04-02 09:31:06.170,20260402,93106170,000009.SZ,2135542,2,682559,2135541,8.71,100,871.0
2026-04-02 09:31:06.170,20260402,93106170,000009.SZ,2135546,2,682559,2135545,8.71,100,871.0
2026-04-02 09:31:06.180,20260402,93106180,000009.SZ,2135922,2,682559,2135921,8.71,100,871.0
2026-04-02 09:31:06.190,20260402,93106190,000009.SZ,2136244,2,682559,2136243,8.71,100,871.0
2026-04-02 09:31:06.190,20260402,93106190,000009.SZ,2136253,2,682559,2136252,8.71,100,871.0
2026-04-02 09:31:06.190,20260402,93106190,000009.SZ,2136286,2,682559,2136285,8.71,800,6968.0
2026-04-02 09:31:06.190,20260402,93106190,000009.SZ,2136333,2,682559,2136332,8.71,300,2613.0
2026-04-02 09:31:06.190,20260402,93106190,000009.SZ,2136337,2,682559,2136336,8.71,1100,9581.0
2026-04-02 09:31:06.190,20260402,93106190,000009.SZ,2136365,-1,0,1467282,0.0,400,0.0
2026-04-02 09:31:06.190,20260402,93106190,000009.SZ,2136404,2,682559,2136403,8.71,500,4355.0
2026-04-02 09:31:06.200,20260402,93106200,000009.SZ,2136454,2,682559,2136453,8.71,1100,9581.0
2026-04-02 09:31:06.200,20260402,93106200,000009.SZ,2136480,2,682559,2136479,8.71,1100,9581.0
2026-04-02 09:31:06.200,20260402,93106200,000009.SZ,2136552,2,682559,2136551,8.71,900,7839.0
2026-04-02 09:31:06.200,20260402,93106200,000009.SZ,2136582,2,682559,2136581,8.71,100,871.0
2026-04-02 09:31:06.210,20260402,93106210,000009.SZ,2136770,2,682559,2136769,8.71,100,871.0
2026-04-02 09:31:06.210,20260402,93106210,000009.SZ,2136823,2,682559,2136822,8.71,100,871.0
2026-04-02 09:31:06.220,20260402,93106220,000009.SZ,2136902,2,682559,2136901,8.71,3800,33098.0
2026-04-02 09:31:06.220,20260402,93106220,000009.SZ,2136909,2,682559,2136908,8.71,2700,23517.0
2026-04-02 09:31:06.220,20260402,93106220,000009.SZ,2136990,2,682559,2136989,8.71,100,871.0
2026-04-02 09:31:06.220,20260402,93106220,000009.SZ,2136992,2,682559,2136991,8.71,100,871.0
2026-04-02 09:31:06.230,20260402,93106230,000009.SZ,2137262,2,682559,2137261,8.71,500,4355.0
2026-04-02 09:31:06.230,20260402,93106230,000009.SZ,2137265,2,682559,2137264,8.71,100,871.0
2026-04-02 09:31:06.250,20260402,93106250,000009.SZ,2137694,2,682559,2137693,8.71,800,6968.0
2026-04-02 09:31:06.310,20260402,93106310,000009.SZ,2138800,-1,0,2105052,0.0,100,0.0
2026-04-02 09:31:06.390,20260402,93106390,000009.SZ,2140402,2,682559,2140401,8.71,100,871.0
2026-04-02 09:31:06.390,20260402,93106390,000009.SZ,2140403,2,717318,2140401,8.71,500,4355.0
2026-04-02 09:31:06.420,20260402,93106420,000009.SZ,2140969,1,2140968,2099527,8.72,500,4360.0
2026-04-02 09:31:06.590,20260402,93106590,000009.SZ,2144515,2,726724,2144514,8.71,400,3484.0
2026-04-02 09:31:06.590,20260402,93106590,000009.SZ,2144516,2,800593,2144514,8.71,1500,13065.0
2026-04-02 09:31:06.590,20260402,93106590,000009.SZ,2144602,2,800593,2144601,8.71,1400,12194.0
2026-04-02 09:31:06.590,20260402,93106590,000009.SZ,2144603,2,813041,2144601,8.71,1900,16549.0
2026-04-02 09:31:06.610,20260402,93106610,000009.SZ,2145095,2,813041,2145094,8.71,600,5226.0
2026-04-02 09:31:06.660,20260402,93106660,000009.SZ,2146007,1,2146006,2099527,8.72,1600,13952.0
2026-04-02 09:31:06.660,20260402,93106660,000009.SZ,2146008,1,2146006,2101196,8.72,1900,16568.0
2026-04-02 09:31:06.740,20260402,93106740,000009.SZ,2147458,2,813041,2147457,8.71,100,871.0
2026-04-02 09:31:06.910,20260402,93106910,000009.SZ,2150442,2,813041,2150441,8.71,400,3484.0
2026-04-02 09:31:06.910,20260402,93106910,000009.SZ,2150443,2,829561,2150441,8.71,300,2613.0
2026-04-02 09:31:07.100,20260402,93107100,000009.SZ,2153487,-1,0,2027216,0.0,400,0.0
2026-04-02 09:31:07.880,20260402,93107880,000009.SZ,2168261,2,829561,2168260,8.71,1500,13065.0
2026-04-02 09:31:07.990,20260402,93107990,000009.SZ,2169635,2,829561,2169634,8.71,600,5226.0
2026-04-02 09:31:08.000,20260402,93108000,000009.SZ,2169747,2,829561,2169746,8.71,200,1742.0
2026-04-02 09:31:08.270,20260402,93108270,000009.SZ,2173978,2,829561,2173977,8.71,600,5226.0
2026-04-02 09:31:09.050,20260402,93109050,000009.SZ,2185426,2,829561,2185425,8.71,300,2613.0
2026-04-02 09:31:09.100,20260402,93109100,000009.SZ,2186253,2,829561,2186252,8.71,200,1742.0
2026-04-02 09:31:09.250,20260402,93109250,000009.SZ,2189573,2,829561,2189572,8.71,800,6968.0
2026-04-02 09:31:09.450,20260402,93109450,000009.SZ,2193480,2,829561,2193479,8.71,500,4355.0
2026-04-02 09:31:09.450,20260402,93109450,000009.SZ,2193481,2,832738,2193479,8.71,2500,21775.0
2026-04-02 09:31:09.510,20260402,93109510,000009.SZ,2194701,2,832738,2194700,8.71,500,4355.0
2026-04-02 09:31:09.920,20260402,93109920,000009.SZ,2202189,2,832738,2202188,8.71,1800,15678.0
2026-04-02 09:31:10.010,20260402,93110010,000009.SZ,2203444,-1,2116305,0,0.0,100,0.0
2026-04-02 09:31:10.010,20260402,93110010,000009.SZ,2203463,-1,2116306,0,0.0,100,0.0
2026-04-02 09:31:10.020,20260402,93110020,000009.SZ,2203519,-1,2116311,0,0.0,100,0.0
2026-04-02 09:31:10.020,20260402,93110020,000009.SZ,2203541,-1,2116308,0,0.0,100,0.0
2026-04-02 09:31:10.020,20260402,93110020,000009.SZ,2203572,-1,2116304,0,0.0,100,0.0
2026-04-02 09:31:10.020,20260402,93110020,000009.SZ,2203605,-1,2116310,0,0.0,100,0.0
2026-04-02 09:31:10.020,20260402,93110020,000009.SZ,2203663,-1,2116309,0,0.0,100,0.0
2026-04-02 09:31:10.030,20260402,93110030,000009.SZ,2203682,-1,2116307,0,0.0,100,0.0
2026-04-02 09:31:10.040,20260402,93110040,000009.SZ,2203817,-1,1774011,0,0.0,1000,0.0
2026-04-02 09:31:10.190,20260402,93110190,000009.SZ,2206740,2,832738,2206739,8.71,600,5226.0
2026-04-02 09:31:10.260,20260402,93110260,000009.SZ,2208368,2,832738,2208367,8.71,600,5226.0
2026-04-02 09:31:10.260,20260402,93110260,000009.SZ,2208431,2,832738,2208430,8.71,300,2613.0
2026-04-02 09:31:10.470,20260402,93110470,000009.SZ,2212354,2,832738,2212353,8.71,1400,12194.0
2026-04-02 09:31:10.470,20260402,93110470,000009.SZ,2212411,-1,0,2115279,0.0,1100,0.0
2026-04-02 09:31:10.550,20260402,93110550,000009.SZ,2213982,2,832738,2213981,8.71,300,2613.0
2026-04-02 09:31:10.930,20260402,93110930,000009.SZ,2220461,-1,0,1223466,0.0,500,0.0
2026-04-02 09:31:11.010,20260402,93111010,000009.SZ,2221562,2,832738,2221561,8.71,500,4355.0
2026-04-02 09:31:11.020,20260402,93111020,000009.SZ,2221685,2,832738,2221684,8.71,400,3484.0
2026-04-02 09:31:11.160,20260402,93111160,000009.SZ,2223904,2,832738,2223903,8.71,1100,9581.0
2026-04-02 09:31:11.160,20260402,93111160,000009.SZ,2223905,2,878413,2223903,8.71,1900,16549.0
2026-04-02 09:31:11.280,20260402,93111280,000009.SZ,2225824,-1,0,746486,0.0,1000,0.0
2026-04-02 09:31:11.790,20260402,93111790,000009.SZ,2232582,2,888539,2232581,8.71,600,5226.0
2026-04-02 09:31:11.790,20260402,93111790,000009.SZ,2232583,2,927798,2232581,8.71,2500,21775.0
2026-04-02 09:31:11.790,20260402,93111790,000009.SZ,2232584,2,1280907,2232581,8.71,1000,8710.0
2026-04-02 09:31:11.790,20260402,93111790,000009.SZ,2232585,2,1504812,2232581,8.71,500,4355.0
2026-04-02 09:31:11.790,20260402,93111790,000009.SZ,2232586,2,1654863,2232581,8.71,600,5226.0
2026-04-02 09:31:11.810,20260402,93111810,000009.SZ,2232873,2,1654863,2232872,8.71,100,871.0
2026-04-02 09:31:11.810,20260402,93111810,000009.SZ,2232876,2,1654863,2232875,8.71,100,871.0
2026-04-02 09:31:12.150,20260402,93112150,000009.SZ,2237890,2,1654863,2237889,8.71,100,871.0
2026-04-02 09:31:12.170,20260402,93112170,000009.SZ,2238418,2,1654863,2238417,8.71,400,3484.0
2026-04-02 09:31:12.170,20260402,93112170,000009.SZ,2238420,2,1654863,2238419,8.71,600,5226.0
2026-04-02 09:31:12.170,20260402,93112170,000009.SZ,2238504,2,1654863,2238503,8.71,100,871.0
2026-04-02 09:31:12.170,20260402,93112170,000009.SZ,2238508,2,1654863,2238507,8.71,200,1742.0
2026-04-02 09:31:12.170,20260402,93112170,000009.SZ,2238512,2,1654863,2238511,8.71,100,871.0
2026-04-02 09:31:12.170,20260402,93112170,000009.SZ,2238530,2,1654863,2238529,8.71,200,1742.0
2026-04-02 09:31:12.170,20260402,93112170,000009.SZ,2238532,2,1654863,2238531,8.71,200,1742.0
2026-04-02 09:31:12.170,20260402,93112170,000009.SZ,2238537,2,1654863,2238536,8.71,100,871.0
2026-04-02 09:31:12.170,20260402,93112170,000009.SZ,2238540,2,1654863,2238539,8.71,100,871.0
2026-04-02 09:31:12.170,20260402,93112170,000009.SZ,2238542,2,1654863,2238541,8.71,300,2613.0
2026-04-02 09:31:12.170,20260402,93112170,000009.SZ,2238544,2,1654863,2238543,8.71,100,871.0
2026-04-02 09:31:12.170,20260402,93112170,000009.SZ,2238549,2,1654863,2238548,8.71,100,871.0
2026-04-02 09:31:12.170,20260402,93112170,000009.SZ,2238553,2,1654863,2238552,8.71,100,871.0
2026-04-02 09:31:12.180,20260402,93112180,000009.SZ,2238640,2,1654863,2238639,8.71,800,6968.0
2026-04-02 09:31:12.180,20260402,93112180,000009.SZ,2238653,2,1654863,2238652,8.71,100,871.0
2026-04-02 09:31:12.180,20260402,93112180,000009.SZ,2238655,2,1654863,2238654,8.71,100,871.0
2026-04-02 09:31:12.180,20260402,93112180,000009.SZ,2238659,2,1654863,2238658,8.71,400,3484.0
2026-04-02 09:31:12.180,20260402,93112180,000009.SZ,2238661,2,1654863,2238660,8.71,100,871.0
2026-04-02 09:31:12.180,20260402,93112180,000009.SZ,2238663,2,1654863,2238662,8.71,100,871.0
2026-04-02 09:31:12.180,20260402,93112180,000009.SZ,2238665,2,1654863,2238664,8.71,100,871.0
2026-04-02 09:31:12.180,20260402,93112180,000009.SZ,2238667,2,1654863,2238666,8.71,400,3484.0
2026-04-02 09:31:12.180,20260402,93112180,000009.SZ,2238671,2,1654863,2238670,8.71,100,871.0
2026-04-02 09:31:12.180,20260402,93112180,000009.SZ,2238691,2,1654863,2238690,8.71,100,871.0
2026-04-02 09:31:12.180,20260402,93112180,000009.SZ,2238705,2,1654863,2238704,8.71,300,2613.0
2026-04-02 09:31:12.180,20260402,93112180,000009.SZ,2238716,2,1654863,2238715,8.71,100,871.0
2026-04-02 09:31:12.180,20260402,93112180,000009.SZ,2238750,2,1654863,2238749,8.71,100,871.0
2026-04-02 09:31:12.180,20260402,93112180,000009.SZ,2238754,2,1654863,2238753,8.71,100,871.0
2026-04-02 09:31:12.180,20260402,93112180,000009.SZ,2238760,2,1654863,2238759,8.71,100,871.0
2026-04-02 09:31:12.180,20260402,93112180,000009.SZ,2238762,2,1654863,2238761,8.71,100,871.0
2026-04-02 09:31:12.180,20260402,93112180,000009.SZ,2238783,2,1654863,2238782,8.71,600,5226.0
2026-04-02 09:31:12.180,20260402,93112180,000009.SZ,2238786,2,1654863,2238785,8.71,300,2613.0
2026-04-02 09:31:12.180,20260402,93112180,000009.SZ,2238792,2,1654863,2238791,8.71,100,871.0
2026-04-02 09:31:12.180,20260402,93112180,000009.SZ,2238797,2,1654863,2238796,8.71,100,871.0
2026-04-02 09:31:12.180,20260402,93112180,000009.SZ,2238799,2,1654863,2238798,8.71,200,1742.0
2026-04-02 09:31:12.190,20260402,93112190,000009.SZ,2239105,2,1654863,2239104,8.71,700,6097.0
2026-04-02 09:31:12.200,20260402,93112200,000009.SZ,2239182,2,1654863,2239181,8.71,200,1742.0
2026-04-02 09:31:12.200,20260402,93112200,000009.SZ,2239219,2,1654863,2239218,8.71,200,1742.0
2026-04-02 09:31:12.200,20260402,93112200,000009.SZ,2239231,2,1654863,2239230,8.71,300,2613.0
2026-04-02 09:31:12.210,20260402,93112210,000009.SZ,2239509,2,1654863,2239508,8.71,200,1742.0
2026-04-02 09:31:12.250,20260402,93112250,000009.SZ,2240472,2,1654863,2240471,8.71,100,871.0
2026-04-02 09:31:12.800,20260402,93112800,000009.SZ,2250865,1,2250864,2101196,8.72,1000,8720.0
2026-04-02 09:31:12.800,20260402,93112800,000009.SZ,2250875,2,1654863,2250874,8.71,400,3484.0
2026-04-02 09:31:12.800,20260402,93112800,000009.SZ,2250876,2,1719876,2250874,8.71,300,2613.0
2026-04-02 09:31:12.800,20260402,93112800,000009.SZ,2250877,2,1733944,2250874,8.71,300,2613.0
2026-04-02 09:31:13.140,20260402,93113140,000009.SZ,2255757,2,1733944,2255756,8.71,200,1742.0
2026-04-02 09:31:13.650,20260402,93113650,000009.SZ,2264588,2,1733944,2264587,8.71,500,4355.0
2026-04-02 09:31:13.650,20260402,93113650,000009.SZ,2264589,2,2003001,2264587,8.71,300,2613.0
2026-04-02 09:31:13.650,20260402,93113650,000009.SZ,2264590,2,2069499,2264587,8.71,300,2613.0
2026-04-02 09:31:13.760,20260402,93113760,000009.SZ,2266280,-1,599514,0,0.0,1000,0.0
2026-04-02 09:31:13.790,20260402,93113790,000009.SZ,2266595,2,2069499,2266594,8.71,700,6097.0
2026-04-02 09:31:13.790,20260402,93113790,000009.SZ,2266596,2,2235773,2266594,8.71,1700,14807.0
2026-04-02 09:31:14.200,20260402,93114200,000009.SZ,2271728,-1,0,322800,0.0,2000,0.0
2026-04-02 09:31:14.310,20260402,93114310,000009.SZ,2273122,-1,0,1467259,0.0,300,0.0
2026-04-02 09:31:14.540,20260402,93114540,000009.SZ,2275907,2,2235773,2275906,8.71,2800,24388.0
2026-04-02 09:31:14.540,20260402,93114540,000009.SZ,2275908,2,2252483,2275906,8.71,200,1742.0
2026-04-02 09:31:14.540,20260402,93114540,000009.SZ,2275909,2,2264426,2275906,8.71,300,2613.0
2026-04-02 09:31:14.540,20260402,93114540,000009.SZ,2275910,2,2264980,2275906,8.71,1500,13065.0
2026-04-02 09:31:14.540,20260402,93114540,000009.SZ,2275911,2,13449,2275906,8.7,300,2610.0
2026-04-02 09:31:14.540,20260402,93114540,000009.SZ,2275912,2,42524,2275906,8.7,100,870.0
2026-04-02 09:31:14.540,20260402,93114540,000009.SZ,2275913,2,55205,2275906,8.7,200,1740.0
2026-04-02 09:31:14.540,20260402,93114540,000009.SZ,2275914,2,85463,2275906,8.7,400,3480.0
2026-04-02 09:31:14.540,20260402,93114540,000009.SZ,2275915,2,92693,2275906,8.7,100,870.0
2026-04-02 09:31:14.540,20260402,93114540,000009.SZ,2275916,2,148867,2275906,8.7,200,1740.0
2026-04-02 09:31:14.540,20260402,93114540,000009.SZ,2275917,2,214212,2275906,8.7,2300,20010.0
2026-04-02 09:31:14.540,20260402,93114540,000009.SZ,2275918,2,237827,2275906,8.7,500,4350.0
2026-04-02 09:31:14.540,20260402,93114540,000009.SZ,2275919,2,289125,2275906,8.7,200,1740.0
2026-04-02 09:31:14.540,20260402,93114540,000009.SZ,2275920,2,291289,2275906,8.7,1000,8700.0
2026-04-02 09:31:14.540,20260402,93114540,000009.SZ,2275921,2,358555,2275906,8.7,1000,8700.0
2026-04-02 09:31:14.540,20260402,93114540,000009.SZ,2275922,2,369014,2275906,8.7,2100,18270.0
2026-04-02 09:31:14.830,20260402,93114830,000009.SZ,2279483,1,2279482,2277252,8.71,1200,10452.0
2026-04-02 09:31:14.970,20260402,93114970,000009.SZ,2281127,1,2281126,2277252,8.71,100,871.0
2026-04-02 09:31:15.350,20260402,93115350,000009.SZ,2286653,1,2286652,2277252,8.71,200,1742.0
2026-04-02 09:31:15.470,20260402,93115470,000009.SZ,2288477,2,369014,2288476,8.7,1200,10440.0
2026-04-02 09:31:15.550,20260402,93115550,000009.SZ,2289702,1,2289701,2277252,8.71,700,6097.0
2026-04-02 09:31:15.700,20260402,93115700,000009.SZ,2292071,-1,0,2110268,0.0,1000,0.0
2026-04-02 09:31:15.840,20260402,93115840,000009.SZ,2294317,-1,0,10415,0.0,200,0.0
2026-04-02 09:31:15.900,20260402,93115900,000009.SZ,2295131,-1,0,2153532,0.0,400,0.0
2026-04-02 09:31:16.670,20260402,93116670,000009.SZ,2307161,-1,609355,0,0.0,300,0.0
2026-04-02 09:31:16.770,20260402,93116770,000009.SZ,2308430,-1,0,1599214,0.0,3000,0.0
2026-04-02 09:31:16.810,20260402,93116810,000009.SZ,2308925,2,369014,2308924,8.7,1200,10440.0
2026-04-02 09:31:16.920,20260402,93116920,000009.SZ,2310392,1,2310391,2277252,8.71,500,4355.0
2026-04-02 09:31:17.120,20260402,93117120,000009.SZ,2313461,1,2313460,2277252,8.71,100,871.0
2026-04-02 09:31:18.190,20260402,93118190,000009.SZ,2327261,1,2327260,2277252,8.71,300,2613.0
2026-04-02 09:31:18.210,20260402,93118210,000009.SZ,2327718,2,369014,2327717,8.7,6900,60030.0
2026-04-02 09:31:18.210,20260402,93118210,000009.SZ,2327719,2,384029,2327717,8.7,400,3480.0
2026-04-02 09:31:18.210,20260402,93118210,000009.SZ,2327721,2,384029,2327720,8.7,600,5220.0
2026-04-02 09:31:18.210,20260402,93118210,000009.SZ,2327722,2,387472,2327720,8.7,400,3480.0
2026-04-02 09:31:18.210,20260402,93118210,000009.SZ,2327723,2,461390,2327720,8.7,600,5220.0
2026-04-02 09:31:18.210,20260402,93118210,000009.SZ,2327725,2,461390,2327724,8.7,900,7830.0
2026-04-02 09:31:18.210,20260402,93118210,000009.SZ,2327727,2,461390,2327726,8.7,3800,33060.0
2026-04-02 09:31:18.210,20260402,93118210,000009.SZ,2327729,2,461390,2327728,8.7,3900,33930.0
2026-04-02 09:31:18.210,20260402,93118210,000009.SZ,2327731,2,461390,2327730,8.7,3500,30450.0
2026-04-02 09:31:18.210,20260402,93118210,000009.SZ,2327732,-1,0,1726109,0.0,500,0.0
2026-04-02 09:31:18.210,20260402,93118210,000009.SZ,2327738,2,461390,2327737,8.7,400,3480.0
2026-04-02 09:31:18.210,20260402,93118210,000009.SZ,2327739,2,584140,2327737,8.7,300,2610.0
2026-04-02 09:31:18.210,20260402,93118210,000009.SZ,2327740,2,603166,2327737,8.7,300,2610.0
2026-04-02 09:31:18.210,20260402,93118210,000009.SZ,2327741,2,639058,2327737,8.7,1000,8700.0
2026-04-02 09:31:18.210,20260402,93118210,000009.SZ,2327742,2,657394,2327737,8.7,300,2610.0
2026-04-02 09:31:18.210,20260402,93118210,000009.SZ,2327743,2,665177,2327737,8.7,500,4350.0
2026-04-02 09:31:18.210,20260402,93118210,000009.SZ,2327744,2,666071,2327737,8.7,1000,8700.0
2026-04-02 09:31:18.210,20260402,93118210,000009.SZ,2327745,2,721049,2327737,8.7,500,4350.0
2026-04-02 09:31:18.210,20260402,93118210,000009.SZ,2327746,2,752298,2327737,8.7,2000,17400.0
2026-04-02 09:31:18.210,20260402,93118210,000009.SZ,2327747,2,827413,2327737,8.7,1800,15660.0
2026-04-02 09:31:18.210,20260402,93118210,000009.SZ,2327748,2,972890,2327737,8.7,600,5220.0
2026-04-02 09:31:18.210,20260402,93118210,000009.SZ,2327749,2,1054982,2327737,8.7,2000,17400.0
2026-04-02 09:31:18.210,20260402,93118210,000009.SZ,2327750,2,1360022,2327737,8.7,900,7830.0
2026-04-02 09:31:18.210,20260402,93118210,000009.SZ,2327751,2,1385611,2327737,8.7,500,4350.0
2026-04-02 09:31:18.210,20260402,93118210,000009.SZ,2327752,2,1421094,2327737,8.7,100,870.0
2026-04-02 09:31:18.210,20260402,93118210,000009.SZ,2327753,2,1456267,2327737,8.7,700,6090.0
2026-04-02 09:31:18.210,20260402,93118210,000009.SZ,2327754,2,1458596,2327737,8.7,800,6960.0
2026-04-02 09:31:18.210,20260402,93118210,000009.SZ,2327759,2,1458596,2327758,8.7,200,1740.0
2026-04-02 09:31:18.210,20260402,93118210,000009.SZ,2327760,2,1579078,2327758,8.7,500,4350.0
2026-04-02 09:31:18.220,20260402,93118220,000009.SZ,2327809,-1,0,1726064,0.0,400,0.0
2026-04-02 09:31:18.270,20260402,93118270,000009.SZ,2329254,1,2329253,2277252,8.71,200,1742.0
2026-04-02 09:31:18.370,20260402,93118370,000009.SZ,2330707,-1,0,2085369,0.0,100,0.0
2026-04-02 09:31:18.370,20260402,93118370,000009.SZ,2330709,-1,0,2085379,0.0,800,0.0
2026-04-02 09:31:18.370,20260402,93118370,000009.SZ,2330712,-1,0,2085374,0.0,600,0.0
2026-04-02 09:31:18.370,20260402,93118370,000009.SZ,2330718,-1,0,2085377,0.0,1100,0.0
2026-04-02 09:31:18.370,20260402,93118370,000009.SZ,2330723,-1,0,2085399,0.0,100,0.0
2026-04-02 09:31:18.370,20260402,93118370,000009.SZ,2330724,-1,0,2073055,0.0,100,0.0
2026-04-02 09:31:18.610,20260402,93118610,000009.SZ,2335108,-1,0,2214770,0.0,600,0.0
2026-04-02 09:31:18.730,20260402,93118730,000009.SZ,2336534,1,2336533,2277252,8.71,100,871.0
2026-04-02 09:31:18.760,20260402,93118760,000009.SZ,2337075,1,2337074,2277252,8.71,600,5226.0
2026-04-02 09:31:18.760,20260402,93118760,000009.SZ,2337076,1,2337074,2295161,8.71,400,3484.0
2026-04-02 09:31:18.760,20260402,93118760,000009.SZ,2337077,1,2337074,2295678,8.71,1900,16549.0
2026-04-02 09:31:18.760,20260402,93118760,000009.SZ,2337078,1,2337074,2296067,8.71,600,5226.0
2026-04-02 09:31:18.940,20260402,93118940,000009.SZ,2339752,2,2337672,2339751,8.71,1200,10452.0
2026-04-02 09:31:18.980,20260402,93118980,000009.SZ,2340206,1,2340205,2101196,8.72,600,5232.0
2026-04-02 09:31:18.980,20260402,93118980,000009.SZ,2340207,1,2340205,2112412,8.72,8400,73248.0
2026-04-02 09:31:18.980,20260402,93118980,000009.SZ,2340209,1,2340208,2112412,8.72,7500,65400.0
2026-04-02 09:31:19.000,20260402,93119000,000009.SZ,2340404,1,2340403,2112412,8.72,2000,17440.0
2026-04-02 09:31:19.000,20260402,93119000,000009.SZ,2340448,1,2340447,2112412,8.72,9800,85456.0
2026-04-02 09:31:19.000,20260402,93119000,000009.SZ,2340449,1,2340447,2115182,8.72,600,5232.0
2026-04-02 09:31:19.000,20260402,93119000,000009.SZ,2340450,1,2340447,2135925,8.72,600,5232.0
2026-04-02 09:31:19.000,20260402,93119000,000009.SZ,2340451,1,2340447,2138091,8.72,400,3488.0
2026-04-02 09:31:19.000,20260402,93119000,000009.SZ,2340452,1,2340447,2138650,8.72,400,3488.0
2026-04-02 09:31:19.000,20260402,93119000,000009.SZ,2340453,1,2340447,2179538,8.72,2200,19184.0
2026-04-02 09:31:19.000,20260402,93119000,000009.SZ,2340467,1,2340466,2179538,8.72,2400,20928.0
2026-04-02 09:31:19.000,20260402,93119000,000009.SZ,2340468,1,2340466,2199909,8.72,1500,13080.0
2026-04-02 09:31:19.000,20260402,93119000,000009.SZ,2340469,1,2340466,2213530,8.72,9000,78480.0
2026-04-02 09:31:19.000,20260402,93119000,000009.SZ,2340470,1,2340466,2268728,8.72,5800,50576.0
2026-04-02 09:31:19.000,20260402,93119000,000009.SZ,2340471,1,2340466,2308280,8.72,18500,161320.0
2026-04-02 09:31:19.000,20260402,93119000,000009.SZ,2340476,1,2340475,2308280,8.72,1500,13080.0
2026-04-02 09:31:19.020,20260402,93119020,000009.SZ,2340715,1,2340714,1829207,8.73,3500,30555.0
2026-04-02 09:31:19.020,20260402,93119020,000009.SZ,2340726,1,2340725,1829207,8.73,800,6984.0
2026-04-02 09:31:19.120,20260402,93119120,000009.SZ,2341859,2,2340475,2341858,8.72,600,5232.0
2026-04-02 09:31:19.250,20260402,93119250,000009.SZ,2343493,-1,1647607,0,0.0,1000,0.0
2026-04-02 09:31:19.310,20260402,93119310,000009.SZ,2344293,2,2340475,2344292,8.72,700,6104.0
2026-04-02 09:31:19.680,20260402,93119680,000009.SZ,2350564,-1,0,1411000,0.0,40300,0.0
2026-04-02 09:31:20.010,20260402,93120010,000009.SZ,2354258,2,2340475,2354257,8.72,300,2616.0
2026-04-02 09:31:20.190,20260402,93120190,000009.SZ,2356248,2,2340475,2356247,8.72,600,5232.0
2026-04-02 09:31:20.690,20260402,93120690,000009.SZ,2362158,1,2362157,1829207,8.73,300,2619.0
2026-04-02 09:31:20.830,20260402,93120830,000009.SZ,2363473,-1,0,1049871,0.0,3500,0.0
2026-04-02 09:31:21.120,20260402,93121120,000009.SZ,2366699,1,2366698,1829207,8.73,800,6984.0
2026-04-02 09:31:21.120,20260402,93121120,000009.SZ,2366706,1,2366705,1829207,8.73,300,2619.0
2026-04-02 09:31:21.140,20260402,93121140,000009.SZ,2366999,1,2366998,1829207,8.73,1100,9603.0
2026-04-02 09:31:21.150,20260402,93121150,000009.SZ,2367070,1,2367069,1829207,8.73,1100,9603.0
2026-04-02 09:31:21.170,20260402,93121170,000009.SZ,2367566,1,2367565,1829207,8.73,1100,9603.0
2026-04-02 09:31:21.180,20260402,93121180,000009.SZ,2367921,1,2367920,1843480,8.73,100,873.0
2026-04-02 09:31:21.180,20260402,93121180,000009.SZ,2367922,1,2367920,1877032,8.73,1000,8730.0
2026-04-02 09:31:21.200,20260402,93121200,000009.SZ,2368304,1,2368303,1877032,8.73,1100,9603.0
2026-04-02 09:31:21.210,20260402,93121210,000009.SZ,2368552,1,2368551,1877032,8.73,100,873.0
2026-04-02 09:31:21.210,20260402,93121210,000009.SZ,2368553,1,2368551,1899044,8.73,1000,8730.0
2026-04-02 09:31:21.230,20260402,93121230,000009.SZ,2368823,1,2368822,1899044,8.73,1100,9603.0
2026-04-02 09:31:21.240,20260402,93121240,000009.SZ,2369098,1,2369097,1899044,8.73,1100,9603.0
2026-04-02 09:31:21.250,20260402,93121250,000009.SZ,2369304,1,2369303,1899044,8.73,1100,9603.0
2026-04-02 09:31:21.260,20260402,93121260,000009.SZ,2369459,1,2369458,1899044,8.73,100,873.0
2026-04-02 09:31:21.260,20260402,93121260,000009.SZ,2369503,1,2369502,1899044,8.73,1000,8730.0
2026-04-02 09:31:21.270,20260402,93121270,000009.SZ,2369646,1,2369645,1899044,8.73,1100,9603.0
2026-04-02 09:31:21.290,20260402,93121290,000009.SZ,2369885,1,2369884,1899044,8.73,1100,9603.0
2026-04-02 09:31:21.290,20260402,93121290,000009.SZ,2369887,1,2369886,1899044,8.73,1000,8730.0
2026-04-02 09:31:21.290,20260402,93121290,000009.SZ,2369890,1,2369889,1899044,8.73,100,873.0
2026-04-02 09:31:21.300,20260402,93121300,000009.SZ,2369990,1,2369989,1899044,8.73,1100,9603.0
2026-04-02 09:31:21.310,20260402,93121310,000009.SZ,2370112,1,2370111,1899044,8.73,200,1746.0
2026-04-02 09:31:21.310,20260402,93121310,000009.SZ,2370113,1,2370111,1954923,8.73,100,873.0
2026-04-02 09:31:21.310,20260402,93121310,000009.SZ,2370114,1,2370111,2029681,8.73,800,6984.0
2026-04-02 09:31:21.320,20260402,93121320,000009.SZ,2370330,1,2370329,2029681,8.73,300,2619.0
2026-04-02 09:31:21.320,20260402,93121320,000009.SZ,2370331,1,2370329,2139527,8.73,800,6984.0
2026-04-02 09:31:21.330,20260402,93121330,000009.SZ,2370380,2,2364760,2370379,8.72,200,1744.0
2026-04-02 09:31:21.330,20260402,93121330,000009.SZ,2370449,1,2370448,2139527,8.73,200,1746.0
2026-04-02 09:31:21.330,20260402,93121330,000009.SZ,2370478,1,2370477,2139527,8.73,900,7857.0
2026-04-02 09:31:21.360,20260402,93121360,000009.SZ,2370885,1,2370884,2139527,8.73,1000,8730.0
2026-04-02 09:31:21.360,20260402,93121360,000009.SZ,2370886,1,2370884,2368076,8.73,100,873.0
2026-04-02 09:31:21.380,20260402,93121380,000009.SZ,2371313,1,2371312,2368076,8.73,300,2619.0
2026-04-02 09:31:22.380,20260402,93122380,000009.SZ,2385970,-1,2371312,0,0.0,3600,0.0
2026-04-02 09:31:22.410,20260402,93122410,000009.SZ,2386313,-1,2364900,0,0.0,300,0.0
2026-04-02 09:31:23.520,20260402,93123520,000009.SZ,2399852,2,2364760,2399851,8.72,3200,27904.0
2026-04-02 09:31:23.520,20260402,93123520,000009.SZ,2399853,2,2365090,2399851,8.72,1100,9592.0
2026-04-02 09:31:23.520,20260402,93123520,000009.SZ,2399854,2,2366758,2399851,8.72,2000,17440.0
2026-04-02 09:31:23.520,20260402,93123520,000009.SZ,2399855,2,2367101,2399851,8.72,100,872.0
2026-04-02 09:31:23.520,20260402,93123520,000009.SZ,2399856,2,2367885,2399851,8.72,3300,28776.0
2026-04-02 09:31:24.240,20260402,93124240,000009.SZ,2408221,1,2408220,2405433,8.73,200,1746.0
2026-04-02 09:31:24.240,20260402,93124240,000009.SZ,2408223,1,2408222,2405433,8.73,200,1746.0
2026-04-02 09:31:24.240,20260402,93124240,000009.SZ,2408225,1,2408224,2405433,8.73,100,873.0
2026-04-02 09:31:24.250,20260402,93124250,000009.SZ,2408416,-1,0,1203512,0.0,600,0.0
2026-04-02 09:31:24.260,20260402,93124260,000009.SZ,2408601,2,2408224,2408600,8.73,100,873.0
2026-04-02 09:31:24.690,20260402,93124690,000009.SZ,2415267,2,2415143,2415266,8.73,300,2619.0
2026-04-02 09:31:24.700,20260402,93124700,000009.SZ,2415399,2,2415143,2415398,8.73,400,3492.0
2026-04-02 09:31:26.000,20260402,93126000,000009.SZ,2432402,2,2415143,2432401,8.73,200,1746.0
2026-04-02 09:31:26.130,20260402,93126130,000009.SZ,2433945,-1,1862919,0,0.0,500,0.0
2026-04-02 09:31:26.560,20260402,93126560,000009.SZ,2438540,2,2415143,2438539,8.73,100,873.0
2026-04-02 09:31:27.170,20260402,93127170,000009.SZ,2444643,2,2367885,2444642,8.72,2200,19184.0
2026-04-02 09:31:27.170,20260402,93127170,000009.SZ,2444644,2,2443025,2444642,8.72,100,872.0
2026-04-02 09:31:27.170,20260402,93127170,000009.SZ,2444645,2,2337672,2444642,8.71,100,871.0
2026-04-02 09:31:27.980,20260402,93127980,000009.SZ,2455560,1,2455559,2400063,8.74,100,874.0
2026-04-02 09:31:28.430,20260402,93128430,000009.SZ,2462277,2,2445808,2462276,8.72,1200,10464.0
2026-04-02 09:31:28.800,20260402,93128800,000009.SZ,2467988,2,2445808,2467987,8.72,500,4360.0
2026-04-02 09:31:28.800,20260402,93128800,000009.SZ,2467995,2,2445808,2467994,8.72,1100,9592.0
2026-04-02 09:31:28.800,20260402,93128800,000009.SZ,2468001,2,2445808,2468000,8.72,100,872.0
2026-04-02 09:31:28.920,20260402,93128920,000009.SZ,2469293,1,2469292,2465199,8.73,1100,9603.0
2026-04-02 09:31:30.100,20260402,93130100,000009.SZ,2483360,-1,2361393,0,0.0,500,0.0
2026-04-02 09:31:30.150,20260402,93130150,000009.SZ,2484006,1,2484005,2472061,8.72,200,1744.0
2026-04-02 09:31:30.170,20260402,93130170,000009.SZ,2484526,2,2484008,2484525,8.72,200,1744.0
2026-04-02 09:31:30.170,20260402,93130170,000009.SZ,2484527,2,2484009,2484525,8.72,200,1744.0
2026-04-02 09:31:30.170,20260402,93130170,000009.SZ,2484528,2,2484010,2484525,8.72,200,1744.0
2026-04-02 09:31:30.170,20260402,93130170,000009.SZ,2484529,2,2484011,2484525,8.72,200,1744.0
2026-04-02 09:31:30.170,20260402,93130170,000009.SZ,2484530,2,2484012,2484525,8.72,200,1744.0
2026-04-02 09:31:30.170,20260402,93130170,000009.SZ,2484531,2,2484013,2484525,8.72,200,1744.0
2026-04-02 09:31:30.170,20260402,93130170,000009.SZ,2484532,2,2484014,2484525,8.72,200,1744.0
2026-04-02 09:31:30.170,20260402,93130170,000009.SZ,2484533,2,2484015,2484525,8.72,200,1744.0
2026-04-02 09:31:30.170,20260402,93130170,000009.SZ,2484534,2,2484016,2484525,8.72,200,1744.0
2026-04-02 09:31:30.170,20260402,93130170,000009.SZ,2484535,2,2484017,2484525,8.72,200,1744.0
2026-04-02 09:31:30.170,20260402,93130170,000009.SZ,2484536,2,2484018,2484525,8.72,200,1744.0
2026-04-02 09:31:30.170,20260402,93130170,000009.SZ,2484537,2,2484019,2484525,8.72,200,1744.0
2026-04-02 09:31:30.170,20260402,93130170,000009.SZ,2484538,2,2484020,2484525,8.72,200,1744.0
2026-04-02 09:31:30.170,20260402,93130170,000009.SZ,2484539,2,2484021,2484525,8.72,200,1744.0
2026-04-02 09:31:30.170,20260402,93130170,000009.SZ,2484540,2,2484022,2484525,8.72,200,1744.0
2026-04-02 09:31:30.170,20260402,93130170,000009.SZ,2484541,2,2484023,2484525,8.72,200,1744.0
2026-04-02 09:31:30.170,20260402,93130170,000009.SZ,2484542,2,2484024,2484525,8.72,200,1744.0
2026-04-02 09:31:30.170,20260402,93130170,000009.SZ,2484543,2,2484025,2484525,8.72,200,1744.0
2026-04-02 09:31:30.170,20260402,93130170,000009.SZ,2484544,2,2484026,2484525,8.72,200,1744.0
2026-04-02 09:31:30.170,20260402,93130170,000009.SZ,2484545,2,2484027,2484525,8.72,200,1744.0
2026-04-02 09:31:30.170,20260402,93130170,000009.SZ,2484546,2,2484028,2484525,8.72,200,1744.0
2026-04-02 09:31:30.170,20260402,93130170,000009.SZ,2484547,2,2484032,2484525,8.72,200,1744.0
2026-04-02 09:31:30.170,20260402,93130170,000009.SZ,2484548,2,2484033,2484525,8.72,200,1744.0
2026-04-02 09:31:30.170,20260402,93130170,000009.SZ,2484549,2,2484034,2484525,8.72,200,1744.0
2026-04-02 09:31:30.170,20260402,93130170,000009.SZ,2484550,2,2484035,2484525,8.72,200,1744.0
2026-04-02 09:31:30.170,20260402,93130170,000009.SZ,2484551,2,2484036,2484525,8.72,200,1744.0
2026-04-02 09:31:30.170,20260402,93130170,000009.SZ,2484552,2,2484037,2484525,8.72,200,1744.0
2026-04-02 09:31:30.170,20260402,93130170,000009.SZ,2484553,2,2484039,2484525,8.72,200,1744.0
2026-04-02 09:31:30.170,20260402,93130170,000009.SZ,2484554,2,2484040,2484525,8.72,200,1744.0
2026-04-02 09:31:30.170,20260402,93130170,000009.SZ,2484555,2,2484041,2484525,8.72,200,1744.0
2026-04-02 09:31:30.170,20260402,93130170,000009.SZ,2484556,2,2484042,2484525,8.72,200,1744.0
2026-04-02 09:31:30.170,20260402,93130170,000009.SZ,2484557,2,2484043,2484525,8.72,200,1744.0
2026-04-02 09:31:30.170,20260402,93130170,000009.SZ,2484558,2,2484044,2484525,8.72,200,1744.0
2026-04-02 09:31:30.170,20260402,93130170,000009.SZ,2484559,2,2484075,2484525,8.72,200,1744.0
2026-04-02 09:31:30.170,20260402,93130170,000009.SZ,2484560,2,2484109,2484525,8.72,200,1744.0
2026-04-02 09:31:30.170,20260402,93130170,000009.SZ,2484561,2,2484128,2484525,8.72,200,1744.0
2026-04-02 09:31:30.190,20260402,93130190,000009.SZ,2484867,1,2484866,2484621,8.72,500,4360.0
2026-04-02 09:31:30.310,20260402,93130310,000009.SZ,2486481,2,2484866,2486480,8.72,400,3488.0
2026-04-02 09:31:30.530,20260402,93130530,000009.SZ,2489798,-1,2337672,0,0.0,3200,0.0
2026-04-02 09:31:30.530,20260402,93130530,000009.SZ,2489799,-1,2337675,0,0.0,17300,0.0
2026-04-02 09:31:30.530,20260402,93130530,000009.SZ,2489840,-1,2337837,0,0.0,1000,0.0
2026-04-02 09:31:30.530,20260402,93130530,000009.SZ,2489842,-1,2337836,0,0.0,9600,0.0
2026-04-02 09:31:30.530,20260402,93130530,000009.SZ,2489843,-1,2337849,0,0.0,1500,0.0
2026-04-02 09:31:30.530,20260402,93130530,000009.SZ,2489849,-1,2337862,0,0.0,1600,0.0
2026-04-02 09:31:30.530,20260402,93130530,000009.SZ,2489850,-1,2337852,0,0.0,1500,0.0
2026-04-02 09:31:30.530,20260402,93130530,000009.SZ,2489852,-1,2337847,0,0.0,2300,0.0
2026-04-02 09:31:30.530,20260402,93130530,000009.SZ,2489853,-1,2337856,0,0.0,1300,0.0
2026-04-02 09:31:30.530,20260402,93130530,000009.SZ,2489854,-1,2337848,0,0.0,3000,0.0
2026-04-02 09:31:30.570,20260402,93130570,000009.SZ,2490774,-1,2338597,0,0.0,3200,0.0
2026-04-02 09:31:30.570,20260402,93130570,000009.SZ,2490777,-1,2338605,0,0.0,7400,0.0
2026-04-02 09:31:30.570,20260402,93130570,000009.SZ,2490778,-1,2338606,0,0.0,1600,0.0
2026-04-02 09:31:30.570,20260402,93130570,000009.SZ,2490783,-1,2338616,0,0.0,4300,0.0
2026-04-02 09:31:30.910,20260402,93130910,000009.SZ,2495600,2,2484866,2495599,8.72,300,2616.0
2026-04-02 09:31:30.910,20260402,93130910,000009.SZ,2495601,2,2484903,2495599,8.72,500,4360.0
2026-04-02 09:31:30.920,20260402,93130920,000009.SZ,2495734,1,2495733,2495599,8.72,500,4360.0
2026-04-02 09:31:31.090,20260402,93131090,000009.SZ,2498173,1,2498172,2497979,8.72,800,6976.0
2026-04-02 09:31:31.240,20260402,93131240,000009.SZ,2500546,1,2500545,2500251,8.72,2100,18312.0
2026-04-02 09:31:31.240,20260402,93131240,000009.SZ,2500578,1,2500577,2500252,8.72,2100,18312.0
2026-04-02 09:31:31.260,20260402,93131260,000009.SZ,2500951,1,2500950,2500252,8.72,200,1744.0
2026-04-02 09:31:31.260,20260402,93131260,000009.SZ,2500952,1,2500950,2500253,8.72,2300,20056.0
2026-04-02 09:31:31.260,20260402,93131260,000009.SZ,2500953,1,2500950,2500255,8.72,100,872.0
2026-04-02 09:31:31.260,20260402,93131260,000009.SZ,2500954,1,2500950,2500258,8.72,3600,31392.0
2026-04-02 09:31:31.260,20260402,93131260,000009.SZ,2500955,1,2500950,2500259,8.72,400,3488.0
2026-04-02 09:31:31.260,20260402,93131260,000009.SZ,2500956,1,2500950,2500312,8.72,3700,32264.0
2026-04-02 09:31:31.260,20260402,93131260,000009.SZ,2500957,1,2500950,2500314,8.72,2400,20928.0
2026-04-02 09:31:31.260,20260402,93131260,000009.SZ,2500958,1,2500950,2500368,8.72,2800,24416.0
2026-04-02 09:31:31.370,20260402,93131370,000009.SZ,2502464,1,2502463,2502186,8.72,3100,27032.0
2026-04-02 09:31:31.560,20260402,93131560,000009.SZ,2505753,1,2505752,2505136,8.72,300,2616.0
2026-04-02 09:31:31.560,20260402,93131560,000009.SZ,2505754,1,2505752,2505333,8.72,100,872.0
2026-04-02 09:31:31.560,20260402,93131560,000009.SZ,2505755,1,2505752,2465199,8.73,22200,193806.0
2026-04-02 09:31:31.560,20260402,93131560,000009.SZ,2505784,1,2505783,2465199,8.73,17000,148410.0
2026-04-02 09:31:31.560,20260402,93131560,000009.SZ,2505785,1,2505783,2468869,8.73,100,873.0
2026-04-02 09:31:31.560,20260402,93131560,000009.SZ,2505786,1,2505783,2468870,8.73,300,2619.0
2026-04-02 09:31:31.560,20260402,93131560,000009.SZ,2505787,1,2505783,2468872,8.73,600,5238.0
2026-04-02 09:31:31.560,20260402,93131560,000009.SZ,2505788,1,2505783,2471828,8.73,100,873.0
2026-04-02 09:31:31.560,20260402,93131560,000009.SZ,2505789,1,2505783,2486630,8.73,2900,25317.0
2026-04-02 09:31:32.590,20260402,93132590,000009.SZ,2518928,2,2508278,2518927,8.72,600,5232.0
2026-04-02 09:31:33.260,20260402,93133260,000009.SZ,2528333,2,2340136,2528332,8.71,800,6968.0
2026-04-02 09:31:33.260,20260402,93133260,000009.SZ,2528334,2,2352073,2528332,8.71,800,6968.0
2026-04-02 09:31:33.260,20260402,93133260,000009.SZ,2528335,2,2364298,2528332,8.71,300,2613.0
2026-04-02 09:31:33.260,20260402,93133260,000009.SZ,2528336,2,2364596,2528332,8.71,100,871.0
2026-04-02 09:31:34.260,20260402,93134260,000009.SZ,2542234,-1,2526220,0,0.0,200,0.0
2026-04-02 09:31:35.690,20260402,93135690,000009.SZ,2559665,2,2528710,2559664,8.72,500,4360.0
2026-04-02 09:31:35.690,20260402,93135690,000009.SZ,2559666,2,2534585,2559664,8.72,100,872.0
2026-04-02 09:31:35.710,20260402,93135710,000009.SZ,2559786,2,2534585,2559785,8.72,1900,16568.0
2026-04-02 09:31:35.710,20260402,93135710,000009.SZ,2559787,2,2542023,2559785,8.72,1500,13080.0
2026-04-02 09:31:35.710,20260402,93135710,000009.SZ,2559845,1,2559844,2559785,8.72,100,872.0
2026-04-02 09:31:35.720,20260402,93135720,000009.SZ,2559932,2,2559844,2559931,8.72,200,1744.0
2026-04-02 09:31:36.040,20260402,93136040,000009.SZ,2563050,1,2563049,2562783,8.73,800,6984.0
2026-04-02 09:31:37.380,20260402,93137380,000009.SZ,2579343,2,2563049,2579342,8.73,400,3492.0
2026-04-02 09:31:37.380,20260402,93137380,000009.SZ,2579344,2,2563274,2579342,8.73,100,873.0
2026-04-02 09:31:37.380,20260402,93137380,000009.SZ,2579345,2,2559844,2579342,8.72,700,6104.0
2026-04-02 09:31:37.680,20260402,93137680,000009.SZ,2583092,1,2583091,2400178,8.74,100,874.0
2026-04-02 09:31:39.160,20260402,93139160,000009.SZ,2599167,1,2599166,2400178,8.74,500,4370.0
2026-04-02 09:31:39.160,20260402,93139160,000009.SZ,2599169,1,2599168,2400178,8.74,500,4370.0
2026-04-02 09:31:39.160,20260402,93139160,000009.SZ,2599171,1,2599170,2400178,8.74,800,6992.0
2026-04-02 09:31:39.160,20260402,93139160,000009.SZ,2599173,1,2599172,2400178,8.74,300,2622.0
2026-04-02 09:31:39.160,20260402,93139160,000009.SZ,2599175,1,2599174,2400178,8.74,500,4370.0
2026-04-02 09:31:39.160,20260402,93139160,000009.SZ,2599177,1,2599176,2400178,8.74,600,5244.0
2026-04-02 09:31:39.160,20260402,93139160,000009.SZ,2599179,1,2599178,2400178,8.74,900,7866.0
2026-04-02 09:31:39.160,20260402,93139160,000009.SZ,2599181,1,2599180,2400178,8.74,900,7866.0
2026-04-02 09:31:39.160,20260402,93139160,000009.SZ,2599183,1,2599182,2400178,8.74,200,1748.0
2026-04-02 09:31:39.160,20260402,93139160,000009.SZ,2599185,1,2599184,2400178,8.74,700,6118.0
2026-04-02 09:31:39.160,20260402,93139160,000009.SZ,2599186,1,2599184,2444548,8.74,600,5244.0
2026-04-02 09:31:39.160,20260402,93139160,000009.SZ,2599187,1,2599184,2544171,8.74,100,874.0
2026-04-02 09:31:39.160,20260402,93139160,000009.SZ,2599190,1,2599189,2544171,8.74,600,5244.0
2026-04-02 09:31:39.180,20260402,93139180,000009.SZ,2599424,-1,0,1419305,0.0,1300,0.0
