timestamp,date,stamp,code,order_no,bs_flag,order_type,order_price,order_volume
2026-03-18 09:15:00.040,20260318,91500040,000009.SZ,2281,2,0,9.42,700
2026-03-18 09:15:00.040,20260318,91500040,000009.SZ,2618,2,0,10.05,100
2026-03-18 09:15:00.040,20260318,91500040,000009.SZ,3291,2,0,9.35,1100
2026-03-18 09:15:00.040,20260318,91500040,000009.SZ,3843,2,0,9.7,100
2026-03-18 09:15:00.050,20260318,91500050,000009.SZ,4158,2,0,9.48,1000
2026-03-18 09:15:00.050,20260318,91500050,000009.SZ,4893,2,0,9.37,500
2026-03-18 09:15:00.050,20260318,91500050,000009.SZ,5755,2,0,9.55,2200
2026-03-18 09:15:00.050,20260318,91500050,000009.SZ,6015,2,0,10.13,1000
2026-03-18 09:15:00.050,20260318,91500050,000009.SZ,6843,1,0,8.8,600
2026-03-18 09:15:00.050,20260318,91500050,000009.SZ,6845,1,0,8.52,600
2026-03-18 09:15:00.050,20260318,91500050,000009.SZ,7021,2,0,10.12,3000
2026-03-18 09:15:00.050,20260318,91500050,000009.SZ,7051,2,0,9.52,31000
2026-03-18 09:15:00.060,20260318,91500060,000009.SZ,8457,2,0,9.49,700
2026-03-18 09:15:00.060,20260318,91500060,000009.SZ,8460,2,0,9.21,200
2026-03-18 09:15:00.060,20260318,91500060,000009.SZ,8673,2,0,9.99,2000
2026-03-18 09:15:00.060,20260318,91500060,000009.SZ,8735,1,0,9.1,2000
2026-03-18 09:15:00.060,20260318,91500060,000009.SZ,8874,2,0,10.13,5000
2026-03-18 09:15:00.060,20260318,91500060,000009.SZ,8923,2,0,10.12,5000
2026-03-18 09:15:00.060,20260318,91500060,000009.SZ,9051,1,0,9.02,1800
2026-03-18 09:15:00.060,20260318,91500060,000009.SZ,9462,2,0,10.1,500
2026-03-18 09:15:00.060,20260318,91500060,000009.SZ,10389,2,0,9.8,100
2026-03-18 09:15:00.060,20260318,91500060,000009.SZ,10997,1,0,9.06,500
2026-03-18 09:15:00.060,20260318,91500060,000009.SZ,12516,2,0,9.74,600
2026-03-18 09:15:00.070,20260318,91500070,000009.SZ,12913,1,0,9.15,2600
2026-03-18 09:15:00.070,20260318,91500070,000009.SZ,14323,2,0,10.09,100
2026-03-18 09:15:00.070,20260318,91500070,000009.SZ,14850,2,0,10.12,5000
2026-03-18 09:15:00.070,20260318,91500070,000009.SZ,14880,1,0,9.05,200
2026-03-18 09:15:00.070,20260318,91500070,000009.SZ,16922,2,0,9.75,2000
2026-03-18 09:15:00.070,20260318,91500070,000009.SZ,17037,2,0,9.99,2000
2026-03-18 09:15:00.070,20260318,91500070,000009.SZ,17050,2,0,9.67,2000
2026-03-18 09:15:00.070,20260318,91500070,000009.SZ,17267,2,0,9.6,7000
2026-03-18 09:15:00.080,20260318,91500080,000009.SZ,17481,2,0,9.8,2700
2026-03-18 09:15:00.080,20260318,91500080,000009.SZ,17714,2,0,10.12,500
2026-03-18 09:15:00.080,20260318,91500080,000009.SZ,17988,2,0,10.1,15500
2026-03-18 09:15:00.080,20260318,91500080,000009.SZ,18068,2,0,9.53,1000
2026-03-18 09:15:00.080,20260318,91500080,000009.SZ,18069,2,0,9.66,1000
2026-03-18 09:15:00.080,20260318,91500080,000009.SZ,18071,2,0,10.11,1000
2026-03-18 09:15:00.080,20260318,91500080,000009.SZ,18072,2,0,9.9,1000
2026-03-18 09:15:00.080,20260318,91500080,000009.SZ,19288,2,0,10.13,200
2026-03-18 09:15:00.080,20260318,91500080,000009.SZ,19316,1,0,9.03,500
2026-03-18 09:15:00.080,20260318,91500080,000009.SZ,19804,1,0,9.21,100
2026-03-18 09:15:00.090,20260318,91500090,000009.SZ,20584,2,0,9.46,4000
2026-03-18 09:15:00.090,20260318,91500090,000009.SZ,20686,2,0,9.33,700
2026-03-18 09:15:00.090,20260318,91500090,000009.SZ,21341,2,0,10.13,100
2026-03-18 09:15:00.090,20260318,91500090,000009.SZ,21687,1,0,8.3,100
2026-03-18 09:15:00.090,20260318,91500090,000009.SZ,22054,2,0,9.98,700
2026-03-18 09:15:00.100,20260318,91500100,000009.SZ,24045,2,0,9.42,3000
2026-03-18 09:15:00.100,20260318,91500100,000009.SZ,24389,2,0,10.12,3000
2026-03-18 09:15:00.100,20260318,91500100,000009.SZ,24549,1,0,9.15,200
2026-03-18 09:15:00.100,20260318,91500100,000009.SZ,25223,2,0,9.62,500
2026-03-18 09:15:00.100,20260318,91500100,000009.SZ,25441,2,0,10.12,1000
2026-03-18 09:15:00.100,20260318,91500100,000009.SZ,25526,2,0,9.75,50000
2026-03-18 09:15:00.100,20260318,91500100,000009.SZ,26078,2,0,10.01,300
2026-03-18 09:15:00.100,20260318,91500100,000009.SZ,26358,2,0,9.69,8000
2026-03-18 09:15:00.100,20260318,91500100,000009.SZ,26359,2,0,9.79,2000
2026-03-18 09:15:00.100,20260318,91500100,000009.SZ,26361,2,0,10.13,2000
2026-03-18 09:15:00.100,20260318,91500100,000009.SZ,26362,2,0,9.99,8000
2026-03-18 09:15:00.100,20260318,91500100,000009.SZ,26412,2,0,9.68,20000
2026-03-18 09:15:00.100,20260318,91500100,000009.SZ,26413,2,0,9.79,20000
2026-03-18 09:15:00.100,20260318,91500100,000009.SZ,26414,2,0,10.13,2000
2026-03-18 09:15:00.100,20260318,91500100,000009.SZ,26420,2,0,9.69,10000
2026-03-18 09:15:00.100,20260318,91500100,000009.SZ,26421,2,0,9.79,20000
2026-03-18 09:15:00.100,20260318,91500100,000009.SZ,26422,2,0,10.13,3000
2026-03-18 09:15:00.110,20260318,91500110,000009.SZ,26664,2,0,9.94,1600
2026-03-18 09:15:00.110,20260318,91500110,000009.SZ,26676,2,0,9.8,500
2026-03-18 09:15:00.110,20260318,91500110,000009.SZ,26677,2,0,9.68,400
2026-03-18 09:15:00.110,20260318,91500110,000009.SZ,27395,1,0,9.08,100
2026-03-18 09:15:00.110,20260318,91500110,000009.SZ,27541,1,0,8.29,3000
2026-03-18 09:15:00.110,20260318,91500110,000009.SZ,28581,2,0,9.55,5000
2026-03-18 09:15:00.110,20260318,91500110,000009.SZ,29452,2,0,9.99,1000
2026-03-18 09:15:00.120,20260318,91500120,000009.SZ,31282,1,0,8.8,3000
2026-03-18 09:15:00.120,20260318,91500120,000009.SZ,32454,2,0,10.13,6400
2026-03-18 09:15:00.120,20260318,91500120,000009.SZ,32461,2,0,10.1,100
2026-03-18 09:15:00.120,20260318,91500120,000009.SZ,32972,2,0,9.51,500
2026-03-18 09:15:00.120,20260318,91500120,000009.SZ,33220,2,0,9.22,100
2026-03-18 09:15:00.120,20260318,91500120,000009.SZ,33627,2,0,10.13,5000
2026-03-18 09:15:00.120,20260318,91500120,000009.SZ,33782,1,0,9.0,1000
2026-03-18 09:15:00.120,20260318,91500120,000009.SZ,33783,2,0,9.88,700
2026-03-18 09:15:00.120,20260318,91500120,000009.SZ,33784,2,0,10.13,1000
2026-03-18 09:15:00.130,20260318,91500130,000009.SZ,35061,2,0,10.01,1000
2026-03-18 09:15:00.130,20260318,91500130,000009.SZ,37900,2,0,9.21,100
2026-03-18 09:15:00.140,20260318,91500140,000009.SZ,38122,2,0,9.75,1700
2026-03-18 09:15:00.140,20260318,91500140,000009.SZ,38524,2,0,9.65,2000
2026-03-18 09:15:00.140,20260318,91500140,000009.SZ,38525,2,0,10.13,2200
2026-03-18 09:15:00.140,20260318,91500140,000009.SZ,38928,2,0,9.68,6000
2026-03-18 09:15:00.140,20260318,91500140,000009.SZ,38929,2,0,10.13,2000
2026-03-18 09:15:00.140,20260318,91500140,000009.SZ,38930,1,0,8.8,10000
2026-03-18 09:15:00.140,20260318,91500140,000009.SZ,39218,2,0,9.2,3000
2026-03-18 09:15:00.140,20260318,91500140,000009.SZ,39998,2,0,9.56,6100
2026-03-18 09:15:00.140,20260318,91500140,000009.SZ,40387,1,0,8.9,200
2026-03-18 09:15:00.140,20260318,91500140,000009.SZ,41104,2,0,9.4,200
2026-03-18 09:15:00.140,20260318,91500140,000009.SZ,41105,2,0,9.58,200
2026-03-18 09:15:00.140,20260318,91500140,000009.SZ,41106,2,0,9.77,200
2026-03-18 09:15:00.140,20260318,91500140,000009.SZ,41107,2,0,9.95,200
2026-03-18 09:15:00.140,20260318,91500140,000009.SZ,41108,2,0,10.13,200
2026-03-18 09:15:00.150,20260318,91500150,000009.SZ,41857,2,0,10.13,5000
2026-03-18 09:15:00.150,20260318,91500150,000009.SZ,42427,2,0,9.8,3000
2026-03-18 09:15:00.150,20260318,91500150,000009.SZ,42439,1,0,9.05,500
2026-03-18 09:15:00.150,20260318,91500150,000009.SZ,42532,1,0,8.8,10000
2026-03-18 09:15:00.150,20260318,91500150,000009.SZ,42696,2,0,9.21,900
2026-03-18 09:15:00.150,20260318,91500150,000009.SZ,43619,2,0,9.66,500
2026-03-18 09:15:00.150,20260318,91500150,000009.SZ,44727,2,0,10.05,400
2026-03-18 09:15:00.150,20260318,91500150,000009.SZ,44889,2,0,9.66,1000
2026-03-18 09:15:00.150,20260318,91500150,000009.SZ,44890,2,0,9.99,1000
2026-03-18 09:15:00.150,20260318,91500150,000009.SZ,44954,1,0,9.13,500
2026-03-18 09:15:00.160,20260318,91500160,000009.SZ,47043,2,0,10.13,2000
2026-03-18 09:15:00.160,20260318,91500160,000009.SZ,47134,2,0,9.96,400
2026-03-18 09:15:00.160,20260318,91500160,000009.SZ,47148,2,0,10.13,500
2026-03-18 09:15:00.160,20260318,91500160,000009.SZ,47188,2,0,10.13,600
2026-03-18 09:15:00.170,20260318,91500170,000009.SZ,48436,1,0,8.7,400
2026-03-18 09:15:00.170,20260318,91500170,000009.SZ,49014,2,0,9.9,700
2026-03-18 09:15:00.170,20260318,91500170,000009.SZ,49015,2,0,10.0,700
2026-03-18 09:15:00.170,20260318,91500170,000009.SZ,49016,2,0,10.05,600
2026-03-18 09:15:00.170,20260318,91500170,000009.SZ,49017,2,0,10.1,700
2026-03-18 09:15:00.170,20260318,91500170,000009.SZ,49018,2,0,10.13,700
2026-03-18 09:15:00.170,20260318,91500170,000009.SZ,49051,2,0,9.66,1000
2026-03-18 09:15:00.170,20260318,91500170,000009.SZ,49500,2,0,9.69,2000
2026-03-18 09:15:00.170,20260318,91500170,000009.SZ,49696,1,0,9.0,1000
2026-03-18 09:15:00.170,20260318,91500170,000009.SZ,50191,2,0,9.6,600
2026-03-18 09:15:00.170,20260318,91500170,000009.SZ,50357,2,0,9.6,700
2026-03-18 09:15:00.180,20260318,91500180,000009.SZ,52993,2,0,10.13,600
2026-03-18 09:15:00.180,20260318,91500180,000009.SZ,53232,1,0,8.8,1000
2026-03-18 09:15:00.190,20260318,91500190,000009.SZ,56163,2,0,9.39,37800
2026-03-18 09:15:00.190,20260318,91500190,000009.SZ,56317,2,0,10.13,1000
2026-03-18 09:15:00.190,20260318,91500190,000009.SZ,56869,2,0,10.1,600
2026-03-18 09:15:00.190,20260318,91500190,000009.SZ,56877,2,0,9.6,100
2026-03-18 09:15:00.190,20260318,91500190,000009.SZ,57071,2,0,9.26,1400
2026-03-18 09:15:00.200,20260318,91500200,000009.SZ,57454,2,0,9.5,2000
2026-03-18 09:15:00.200,20260318,91500200,000009.SZ,57674,2,0,10.1,600
2026-03-18 09:15:00.200,20260318,91500200,000009.SZ,59255,1,0,8.6,500
2026-03-18 09:15:00.210,20260318,91500210,000009.SZ,60328,1,0,8.36,400
2026-03-18 09:15:00.210,20260318,91500210,000009.SZ,60471,1,0,8.8,600
2026-03-18 09:15:00.210,20260318,91500210,000009.SZ,60677,2,0,9.95,200
2026-03-18 09:15:00.210,20260318,91500210,000009.SZ,61647,1,0,9.11,400
2026-03-18 09:15:00.210,20260318,91500210,000009.SZ,61648,2,0,9.4,400
2026-03-18 09:15:00.220,20260318,91500220,000009.SZ,62144,2,0,9.42,10000
2026-03-18 09:15:00.220,20260318,91500220,000009.SZ,62145,2,0,9.38,10000
2026-03-18 09:15:00.220,20260318,91500220,000009.SZ,62250,2,0,9.36,10000
2026-03-18 09:15:00.220,20260318,91500220,000009.SZ,62258,2,0,9.45,500
2026-03-18 09:15:00.220,20260318,91500220,000009.SZ,62491,2,0,9.31,500
2026-03-18 09:15:00.220,20260318,91500220,000009.SZ,62565,2,0,9.32,10000
2026-03-18 09:15:00.220,20260318,91500220,000009.SZ,63039,1,0,8.97,6700
2026-03-18 09:15:00.220,20260318,91500220,000009.SZ,63290,2,0,9.45,1100
2026-03-18 09:15:00.220,20260318,91500220,000009.SZ,63291,2,0,9.55,1100
2026-03-18 09:15:00.220,20260318,91500220,000009.SZ,63292,1,0,9.15,600
2026-03-18 09:15:00.220,20260318,91500220,000009.SZ,63420,1,0,9.01,400
2026-03-18 09:15:00.220,20260318,91500220,000009.SZ,63514,1,0,8.8,1600
2026-03-18 09:15:00.220,20260318,91500220,000009.SZ,63560,2,0,9.75,1500
2026-03-18 09:15:00.220,20260318,91500220,000009.SZ,64117,1,0,8.95,1000
2026-03-18 09:15:00.220,20260318,91500220,000009.SZ,64342,1,0,9.11,800
2026-03-18 09:15:00.220,20260318,91500220,000009.SZ,64529,2,0,9.5,2500
2026-03-18 09:15:00.230,20260318,91500230,000009.SZ,64720,2,0,10.13,200
2026-03-18 09:15:00.230,20260318,91500230,000009.SZ,64757,2,0,9.5,2000
2026-03-18 09:15:00.230,20260318,91500230,000009.SZ,65599,2,0,10.13,8800
2026-03-18 09:15:00.230,20260318,91500230,000009.SZ,65807,2,0,9.3,1000
2026-03-18 09:15:00.230,20260318,91500230,000009.SZ,66083,1,0,9.03,4000
2026-03-18 09:15:00.240,20260318,91500240,000009.SZ,66949,2,0,10.12,500
2026-03-18 09:15:00.240,20260318,91500240,000009.SZ,67563,2,0,10.12,20900
2026-03-18 09:15:00.240,20260318,91500240,000009.SZ,67574,1,0,8.87,20000
2026-03-18 09:15:00.240,20260318,91500240,000009.SZ,68177,2,0,9.38,1000
2026-03-18 09:15:00.240,20260318,91500240,000009.SZ,68472,2,0,10.0,500
2026-03-18 09:15:00.250,20260318,91500250,000009.SZ,68682,2,0,10.0,100
2026-03-18 09:15:00.250,20260318,91500250,000009.SZ,69757,1,0,9.05,7000
2026-03-18 09:15:00.260,20260318,91500260,000009.SZ,71918,1,0,9.12,3000
2026-03-18 09:15:00.270,20260318,91500270,000009.SZ,72814,2,0,10.13,100
2026-03-18 09:15:00.270,20260318,91500270,000009.SZ,72819,2,0,10.05,100
2026-03-18 09:15:00.270,20260318,91500270,000009.SZ,72826,2,0,9.99,100
2026-03-18 09:15:00.270,20260318,91500270,000009.SZ,72899,2,0,9.89,100
2026-03-18 09:15:00.270,20260318,91500270,000009.SZ,72977,2,0,9.16,800
2026-03-18 09:15:00.270,20260318,91500270,000009.SZ,73590,1,0,9.06,1900
2026-03-18 09:15:00.280,20260318,91500280,000009.SZ,75007,2,0,9.5,500
2026-03-18 09:15:00.280,20260318,91500280,000009.SZ,75008,2,0,10.13,100
2026-03-18 09:15:00.280,20260318,91500280,000009.SZ,75398,2,0,9.37,1900
2026-03-18 09:15:00.290,20260318,91500290,000009.SZ,75939,2,0,9.53,200
2026-03-18 09:15:00.290,20260318,91500290,000009.SZ,76166,1,0,9.18,100
2026-03-18 09:15:00.290,20260318,91500290,000009.SZ,76167,1,0,9.16,100
2026-03-18 09:15:00.290,20260318,91500290,000009.SZ,76168,1,0,9.12,100
2026-03-18 09:15:00.290,20260318,91500290,000009.SZ,76169,1,0,9.08,100
2026-03-18 09:15:00.290,20260318,91500290,000009.SZ,76170,1,0,9.06,100
2026-03-18 09:15:00.290,20260318,91500290,000009.SZ,76512,2,0,9.3,1000
2026-03-18 09:15:00.290,20260318,91500290,000009.SZ,76516,1,0,8.82,1000
2026-03-18 09:15:00.290,20260318,91500290,000009.SZ,77328,2,0,9.49,1500
2026-03-18 09:15:00.300,20260318,91500300,000009.SZ,77403,1,0,9.14,100
2026-03-18 09:15:00.300,20260318,91500300,000009.SZ,77404,1,0,9.1,100
2026-03-18 09:15:00.300,20260318,91500300,000009.SZ,77405,1,0,9.04,100
2026-03-18 09:15:00.300,20260318,91500300,000009.SZ,77639,1,0,9.16,100
2026-03-18 09:15:00.300,20260318,91500300,000009.SZ,77640,1,0,9.12,100
2026-03-18 09:15:00.300,20260318,91500300,000009.SZ,77653,1,0,9.06,100
2026-03-18 09:15:00.300,20260318,91500300,000009.SZ,77654,1,0,9.02,100
2026-03-18 09:15:00.300,20260318,91500300,000009.SZ,77851,2,0,9.68,3200
2026-03-18 09:15:00.300,20260318,91500300,000009.SZ,78027,1,0,8.8,600
2026-03-18 09:15:00.300,20260318,91500300,000009.SZ,78032,2,0,9.48,1600
2026-03-18 09:15:00.300,20260318,91500300,000009.SZ,78033,2,0,9.66,1600
2026-03-18 09:15:00.300,20260318,91500300,000009.SZ,78631,2,0,9.58,2200
2026-03-18 09:15:00.300,20260318,91500300,000009.SZ,78809,2,0,9.45,8500
2026-03-18 09:15:00.300,20260318,91500300,000009.SZ,78889,2,0,10.13,1000
2026-03-18 09:15:00.320,20260318,91500320,000009.SZ,80595,1,0,8.3,400
2026-03-18 09:15:00.320,20260318,91500320,000009.SZ,80980,1,0,9.1,100
2026-03-18 09:15:00.330,20260318,91500330,000009.SZ,82534,1,0,8.77,100
2026-03-18 09:15:00.330,20260318,91500330,000009.SZ,82537,1,0,9.03,100
2026-03-18 09:15:00.330,20260318,91500330,000009.SZ,82698,2,0,10.13,1000
2026-03-18 09:15:00.330,20260318,91500330,000009.SZ,83355,1,0,8.69,1200
2026-03-18 09:15:00.340,20260318,91500340,000009.SZ,83931,1,0,9.21,400
2026-03-18 09:15:00.340,20260318,91500340,000009.SZ,84542,1,0,9.06,1000
2026-03-18 09:15:00.340,20260318,91500340,000009.SZ,84678,2,0,9.69,1000
2026-03-18 09:15:00.350,20260318,91500350,000009.SZ,86558,2,0,9.74,2000
2026-03-18 09:15:00.350,20260318,91500350,000009.SZ,86559,1,0,9.01,2000
2026-03-18 09:15:00.360,20260318,91500360,000009.SZ,86747,1,0,8.9,200
2026-03-18 09:15:00.360,20260318,91500360,000009.SZ,86837,2,0,9.69,200
2026-03-18 09:15:00.370,20260318,91500370,000009.SZ,87735,2,0,10.12,1500
2026-03-18 09:15:00.370,20260318,91500370,000009.SZ,87848,1,0,8.5,500
2026-03-18 09:15:00.370,20260318,91500370,000009.SZ,88477,2,0,9.5,1000
2026-03-18 09:15:00.370,20260318,91500370,000009.SZ,88776,2,0,10.1,500
2026-03-18 09:15:00.390,20260318,91500390,000009.SZ,90192,1,0,9.13,500
2026-03-18 09:15:00.390,20260318,91500390,000009.SZ,90574,2,0,9.68,3300
2026-03-18 09:15:00.390,20260318,91500390,000009.SZ,90634,1,0,8.8,600
2026-03-18 09:15:00.390,20260318,91500390,000009.SZ,90675,2,0,9.21,100
2026-03-18 09:15:00.410,20260318,91500410,000009.SZ,92046,2,0,9.5,1000
2026-03-18 09:15:00.410,20260318,91500410,000009.SZ,92123,2,0,10.13,100
2026-03-18 09:15:00.420,20260318,91500420,000009.SZ,92926,2,0,9.65,10000
2026-03-18 09:15:00.430,20260318,91500430,000009.SZ,94597,1,0,9.1,1000
2026-03-18 09:15:00.430,20260318,91500430,000009.SZ,94600,2,0,9.43,1000
2026-03-18 09:15:00.430,20260318,91500430,000009.SZ,94601,2,0,9.63,5000
2026-03-18 09:15:00.430,20260318,91500430,000009.SZ,94602,2,0,9.53,3000
2026-03-18 09:15:00.430,20260318,91500430,000009.SZ,94696,2,0,9.99,6000
2026-03-18 09:15:00.440,20260318,91500440,000009.SZ,95144,2,0,9.88,4000
2026-03-18 09:15:00.440,20260318,91500440,000009.SZ,95338,2,0,10.0,900
2026-03-18 09:15:00.450,20260318,91500450,000009.SZ,96042,2,0,9.48,21600
2026-03-18 09:15:00.450,20260318,91500450,000009.SZ,96048,2,0,10.13,300
2026-03-18 09:15:00.450,20260318,91500450,000009.SZ,96050,2,0,9.95,300
2026-03-18 09:15:00.450,20260318,91500450,000009.SZ,96052,2,0,9.85,300
2026-03-18 09:15:00.450,20260318,91500450,000009.SZ,96053,2,0,9.63,300
2026-03-18 09:15:00.460,20260318,91500460,000009.SZ,96612,1,0,8.8,1200
2026-03-18 09:15:00.460,20260318,91500460,000009.SZ,96996,2,0,10.13,1800
2026-03-18 09:15:00.460,20260318,91500460,000009.SZ,97017,1,0,9.18,100
2026-03-18 09:15:00.460,20260318,91500460,000009.SZ,97018,1,0,9.14,100
2026-03-18 09:15:00.460,20260318,91500460,000009.SZ,97019,1,0,9.1,100
2026-03-18 09:15:00.460,20260318,91500460,000009.SZ,97020,1,0,9.08,100
2026-03-18 09:15:00.460,20260318,91500460,000009.SZ,97021,1,0,9.04,100
2026-03-18 09:15:00.460,20260318,91500460,000009.SZ,97022,1,0,9.0,100
2026-03-18 09:15:00.460,20260318,91500460,000009.SZ,97126,2,0,9.5,2000
2026-03-18 09:15:00.470,20260318,91500470,000009.SZ,97840,2,0,9.99,2000
2026-03-18 09:15:00.470,20260318,91500470,000009.SZ,98103,2,0,9.5,600
2026-03-18 09:15:00.470,20260318,91500470,000009.SZ,98201,2,0,9.67,2000
2026-03-18 09:15:00.480,20260318,91500480,000009.SZ,98626,2,0,9.61,3000
2026-03-18 09:15:00.480,20260318,91500480,000009.SZ,98687,1,0,8.7,300
2026-03-18 09:15:00.500,20260318,91500500,000009.SZ,101288,2,0,9.21,200
2026-03-18 09:15:00.510,20260318,91500510,000009.SZ,101641,2,0,9.92,500
2026-03-18 09:15:00.520,20260318,91500520,000009.SZ,102770,1,0,9.05,600
2026-03-18 09:15:00.520,20260318,91500520,000009.SZ,102925,2,0,9.22,100
2026-03-18 09:15:00.520,20260318,91500520,000009.SZ,103148,2,0,10.1,200
2026-03-18 09:15:00.530,20260318,91500530,000009.SZ,103862,2,0,9.98,2000
2026-03-18 09:15:00.530,20260318,91500530,000009.SZ,103994,1,0,9.0,3000
2026-03-18 09:15:00.530,20260318,91500530,000009.SZ,104061,2,0,10.13,10000
2026-03-18 09:15:00.540,20260318,91500540,000009.SZ,104417,2,0,9.7,100
2026-03-18 09:15:00.540,20260318,91500540,000009.SZ,104497,1,0,8.5,400
2026-03-18 09:15:00.540,20260318,91500540,000009.SZ,105031,2,0,9.52,1000
2026-03-18 09:15:00.540,20260318,91500540,000009.SZ,105033,2,0,9.49,1000
2026-03-18 09:15:00.540,20260318,91500540,000009.SZ,105034,2,0,9.57,1000
2026-03-18 09:15:00.540,20260318,91500540,000009.SZ,105035,2,0,9.63,1000
2026-03-18 09:15:00.540,20260318,91500540,000009.SZ,105149,2,0,9.55,5000
2026-03-18 09:15:00.550,20260318,91500550,000009.SZ,105321,2,0,10.1,5000
2026-03-18 09:15:00.560,20260318,91500560,000009.SZ,107498,1,0,8.8,700
2026-03-18 09:15:00.570,20260318,91500570,000009.SZ,107925,1,0,9.22,2000
2026-03-18 09:15:00.570,20260318,91500570,000009.SZ,108214,2,0,9.66,500
2026-03-18 09:15:00.570,20260318,91500570,000009.SZ,108276,2,0,9.62,200
2026-03-18 09:15:00.570,20260318,91500570,000009.SZ,108278,1,0,8.92,100
2026-03-18 09:15:00.570,20260318,91500570,000009.SZ,108648,2,0,9.61,10000
2026-03-18 09:15:00.570,20260318,91500570,000009.SZ,108650,1,0,8.93,5500
2026-03-18 09:15:00.570,20260318,91500570,000009.SZ,108651,2,0,9.52,5000
2026-03-18 09:15:00.580,20260318,91500580,000009.SZ,109299,2,0,10.1,1800
2026-03-18 09:15:00.580,20260318,91500580,000009.SZ,109319,2,0,9.51,1000
2026-03-18 09:15:00.580,20260318,91500580,000009.SZ,109320,2,0,9.7,1500
2026-03-18 09:15:00.580,20260318,91500580,000009.SZ,109340,2,0,9.5,1500
2026-03-18 09:15:00.580,20260318,91500580,000009.SZ,109341,2,0,9.7,1500
2026-03-18 09:15:00.590,20260318,91500590,000009.SZ,110185,2,0,9.58,5400
2026-03-18 09:15:00.610,20260318,91500610,000009.SZ,112053,2,0,9.8,1300
2026-03-18 09:15:00.610,20260318,91500610,000009.SZ,112514,2,0,9.39,1000
2026-03-18 09:15:00.620,20260318,91500620,000009.SZ,113427,2,0,9.52,600
2026-03-18 09:15:00.620,20260318,91500620,000009.SZ,113866,2,0,9.43,4800
2026-03-18 09:15:00.630,20260318,91500630,000009.SZ,114640,2,0,10.12,1000
2026-03-18 09:15:00.640,20260318,91500640,000009.SZ,115379,2,0,9.36,1800
2026-03-18 09:15:00.650,20260318,91500650,000009.SZ,116456,1,0,8.95,100
2026-03-18 09:15:00.660,20260318,91500660,000009.SZ,116814,2,0,10.05,100
2026-03-18 09:15:00.670,20260318,91500670,000009.SZ,118003,2,0,9.51,100
2026-03-18 09:15:00.670,20260318,91500670,000009.SZ,118086,2,0,10.1,1000
2026-03-18 09:15:00.670,20260318,91500670,000009.SZ,118129,2,0,9.98,500
2026-03-18 09:15:00.700,20260318,91500700,000009.SZ,119917,2,0,9.6,100
2026-03-18 09:15:00.700,20260318,91500700,000009.SZ,119922,1,0,8.29,300
2026-03-18 09:15:00.710,20260318,91500710,000009.SZ,120998,2,0,10.13,100
2026-03-18 09:15:00.710,20260318,91500710,000009.SZ,121026,2,0,9.93,100
2026-03-18 09:15:00.740,20260318,91500740,000009.SZ,123755,2,0,9.31,500
2026-03-18 09:15:00.740,20260318,91500740,000009.SZ,124022,2,0,9.66,1500
2026-03-18 09:15:00.750,20260318,91500750,000009.SZ,124146,2,0,9.66,100
2026-03-18 09:15:00.750,20260318,91500750,000009.SZ,124187,1,0,9.1,1000
2026-03-18 09:15:00.750,20260318,91500750,000009.SZ,124430,1,0,8.71,1000
2026-03-18 09:15:00.750,20260318,91500750,000009.SZ,124443,2,0,9.99,1500
2026-03-18 09:15:00.750,20260318,91500750,000009.SZ,124580,2,0,10.0,500
2026-03-18 09:15:00.750,20260318,91500750,000009.SZ,125237,2,0,9.59,1000
2026-03-18 09:15:00.750,20260318,91500750,000009.SZ,125238,2,0,9.89,1000
2026-03-18 09:15:00.750,20260318,91500750,000009.SZ,125248,2,0,10.09,1000
2026-03-18 09:15:00.760,20260318,91500760,000009.SZ,125930,2,0,9.63,700
2026-03-18 09:15:00.770,20260318,91500770,000009.SZ,126101,1,0,9.02,500
2026-03-18 09:15:00.770,20260318,91500770,000009.SZ,126102,1,0,8.82,500
2026-03-18 09:15:00.770,20260318,91500770,000009.SZ,126434,1,0,8.75,1000
2026-03-18 09:15:00.770,20260318,91500770,000009.SZ,126756,2,0,9.98,200
2026-03-18 09:15:00.780,20260318,91500780,000009.SZ,127162,2,0,9.55,2300
2026-03-18 09:15:00.810,20260318,91500810,000009.SZ,128784,1,0,8.8,600
2026-03-18 09:15:00.810,20260318,91500810,000009.SZ,129086,2,0,9.15,800
2026-03-18 09:15:00.810,20260318,91500810,000009.SZ,129154,2,0,10.13,231000
2026-03-18 09:15:00.810,20260318,91500810,000009.SZ,129188,2,0,9.38,2000
2026-03-18 09:15:00.810,20260318,91500810,000009.SZ,129243,1,0,8.85,3000
2026-03-18 09:15:00.830,20260318,91500830,000009.SZ,130012,2,0,10.13,100
2026-03-18 09:15:00.830,20260318,91500830,000009.SZ,130107,2,0,9.88,1000
2026-03-18 09:15:00.860,20260318,91500860,000009.SZ,131204,2,0,10.13,1100
2026-03-18 09:15:00.870,20260318,91500870,000009.SZ,131880,2,0,9.21,1600
2026-03-18 09:15:00.880,20260318,91500880,000009.SZ,132793,2,0,9.21,600
2026-03-18 09:15:00.880,20260318,91500880,000009.SZ,132861,2,0,10.07,100
2026-03-18 09:15:00.890,20260318,91500890,000009.SZ,133174,1,0,8.8,600
2026-03-18 09:15:00.890,20260318,91500890,000009.SZ,133175,1,0,8.52,600
2026-03-18 09:15:00.890,20260318,91500890,000009.SZ,133625,1,0,8.52,500
2026-03-18 09:15:00.900,20260318,91500900,000009.SZ,134107,1,0,9.09,200
2026-03-18 09:15:00.910,20260318,91500910,000009.SZ,135013,2,0,9.6,2000
2026-03-18 09:15:00.920,20260318,91500920,000009.SZ,135611,2,0,10.13,2000
2026-03-18 09:15:00.930,20260318,91500930,000009.SZ,136516,1,0,8.52,600
2026-03-18 09:15:00.930,20260318,91500930,000009.SZ,136685,2,0,9.83,1500
2026-03-18 09:15:00.940,20260318,91500940,000009.SZ,137266,2,0,9.21,1700
2026-03-18 09:15:00.950,20260318,91500950,000009.SZ,137565,2,0,9.21,200
2026-03-18 09:15:00.950,20260318,91500950,000009.SZ,137946,2,0,9.55,100
2026-03-18 09:15:00.960,20260318,91500960,000009.SZ,138046,1,0,8.6,100
2026-03-18 09:15:00.960,20260318,91500960,000009.SZ,138484,2,0,9.62,1000
2026-03-18 09:15:00.960,20260318,91500960,000009.SZ,138485,1,0,9.0,1000
2026-03-18 09:15:00.980,20260318,91500980,000009.SZ,139279,2,0,9.32,1100
2026-03-18 09:15:00.980,20260318,91500980,000009.SZ,139280,2,0,9.35,2200
2026-03-18 09:15:00.980,20260318,91500980,000009.SZ,139594,1,0,8.39,2000
2026-03-18 09:15:00.980,20260318,91500980,000009.SZ,139671,2,0,9.4,2700
2026-03-18 09:15:01.000,20260318,91501000,000009.SZ,140452,2,0,10.13,2000
2026-03-18 09:15:01.000,20260318,91501000,000009.SZ,140464,2,0,10.12,2300
2026-03-18 09:15:01.000,20260318,91501000,000009.SZ,140944,2,0,9.53,3000
2026-03-18 09:15:01.010,20260318,91501010,000009.SZ,141158,1,0,9.0,100
2026-03-18 09:15:01.020,20260318,91501020,000009.SZ,141521,2,0,9.89,200
2026-03-18 09:15:01.020,20260318,91501020,000009.SZ,141522,2,0,10.09,200
2026-03-18 09:15:01.020,20260318,91501020,000009.SZ,141799,2,0,9.9,1000
2026-03-18 09:15:01.020,20260318,91501020,000009.SZ,141983,1,0,8.33,1000
2026-03-18 09:15:01.020,20260318,91501020,000009.SZ,141987,1,0,8.55,800
2026-03-18 09:15:01.020,20260318,91501020,000009.SZ,141988,1,0,8.75,800
2026-03-18 09:15:01.030,20260318,91501030,000009.SZ,142172,2,0,10.13,600
2026-03-18 09:15:01.030,20260318,91501030,000009.SZ,142608,2,0,10.0,100
2026-03-18 09:15:01.040,20260318,91501040,000009.SZ,142921,2,0,10.1,400
2026-03-18 09:15:01.040,20260318,91501040,000009.SZ,143334,1,0,9.0,2000
2026-03-18 09:15:01.050,20260318,91501050,000009.SZ,143805,2,0,9.6,1000
2026-03-18 09:15:01.050,20260318,91501050,000009.SZ,144108,2,0,9.85,2600
2026-03-18 09:15:01.050,20260318,91501050,000009.SZ,144170,2,0,10.13,600
2026-03-18 09:15:01.060,20260318,91501060,000009.SZ,144660,1,0,8.9,4000
2026-03-18 09:15:01.060,20260318,91501060,000009.SZ,144661,2,0,9.55,4000
2026-03-18 09:15:01.060,20260318,91501060,000009.SZ,144879,1,0,9.1,2100
2026-03-18 09:15:01.070,20260318,91501070,000009.SZ,145593,1,0,8.79,100
2026-03-18 09:15:01.070,20260318,91501070,000009.SZ,145597,2,0,9.36,4900
2026-03-18 09:15:01.070,20260318,91501070,000009.SZ,145626,2,0,9.37,1300
2026-03-18 09:15:01.070,20260318,91501070,000009.SZ,145688,2,0,10.13,300
2026-03-18 09:15:01.070,20260318,91501070,000009.SZ,145901,2,0,10.12,500
2026-03-18 09:15:01.080,20260318,91501080,000009.SZ,146197,1,0,9.1,100
2026-03-18 09:15:01.080,20260318,91501080,000009.SZ,146198,2,0,10.1,100
2026-03-18 09:15:01.080,20260318,91501080,000009.SZ,146254,2,0,9.9,4000
2026-03-18 09:15:01.090,20260318,91501090,000009.SZ,146880,2,0,9.73,50000
2026-03-18 09:15:01.090,20260318,91501090,000009.SZ,146922,1,0,9.2,100
2026-03-18 09:15:01.090,20260318,91501090,000009.SZ,147136,1,0,8.97,400
2026-03-18 09:15:01.110,20260318,91501110,000009.SZ,148550,2,0,9.25,200
2026-03-18 09:15:01.140,20260318,91501140,000009.SZ,150830,2,0,10.13,700
2026-03-18 09:15:01.140,20260318,91501140,000009.SZ,150890,1,0,9.22,6200
2026-03-18 09:15:01.150,20260318,91501150,000009.SZ,151639,2,0,10.0,500
2026-03-18 09:15:01.150,20260318,91501150,000009.SZ,151642,1,0,8.8,300
2026-03-18 09:15:01.160,20260318,91501160,000009.SZ,152611,1,0,8.81,300
2026-03-18 09:15:01.170,20260318,91501170,000009.SZ,152910,1,0,8.88,700
2026-03-18 09:15:01.180,20260318,91501180,000009.SZ,153603,2,0,9.6,400
2026-03-18 09:15:01.190,20260318,91501190,000009.SZ,153945,2,0,9.81,100
2026-03-18 09:15:01.190,20260318,91501190,000009.SZ,153946,1,0,8.41,100
2026-03-18 09:15:01.200,20260318,91501200,000009.SZ,154620,2,0,9.4,200
2026-03-18 09:15:01.210,20260318,91501210,000009.SZ,154680,2,0,9.74,200
2026-03-18 09:15:01.230,20260318,91501230,000009.SZ,156006,1,0,9.15,2000
2026-03-18 09:15:01.240,20260318,91501240,000009.SZ,157088,2,0,10.11,200
2026-03-18 09:15:01.260,20260318,91501260,000009.SZ,158715,2,0,9.21,400
2026-03-18 09:15:01.290,20260318,91501290,000009.SZ,160471,1,0,9.03,3000
2026-03-18 09:15:01.320,20260318,91501320,000009.SZ,162536,2,0,9.99,1200
2026-03-18 09:15:01.350,20260318,91501350,000009.SZ,164146,2,0,9.34,2200
2026-03-18 09:15:01.350,20260318,91501350,000009.SZ,164147,2,0,9.66,4100
2026-03-18 09:15:01.360,20260318,91501360,000009.SZ,164680,1,0,8.8,600
2026-03-18 09:15:01.380,20260318,91501380,000009.SZ,165206,1,0,8.92,200
2026-03-18 09:15:01.380,20260318,91501380,000009.SZ,165224,2,0,9.4,1000
2026-03-18 09:15:01.410,20260318,91501410,000009.SZ,166548,1,0,9.05,500
2026-03-18 09:15:01.420,20260318,91501420,000009.SZ,167108,1,0,9.0,1000
2026-03-18 09:15:01.450,20260318,91501450,000009.SZ,168036,2,0,9.56,1000
2026-03-18 09:15:01.470,20260318,91501470,000009.SZ,169016,2,0,9.58,2000
2026-03-18 09:15:01.480,20260318,91501480,000009.SZ,169486,2,0,9.76,100
2026-03-18 09:15:01.480,20260318,91501480,000009.SZ,169487,2,0,9.9,100
2026-03-18 09:15:01.530,20260318,91501530,000009.SZ,171451,2,0,9.51,3000
2026-03-18 09:15:01.550,20260318,91501550,000009.SZ,172788,1,0,9.15,2000
2026-03-18 09:15:01.550,20260318,91501550,000009.SZ,172790,1,0,8.9,1000
2026-03-18 09:15:01.560,20260318,91501560,000009.SZ,172826,2,0,9.59,1000
2026-03-18 09:15:01.580,20260318,91501580,000009.SZ,173722,2,0,9.7,1000
2026-03-18 09:15:01.580,20260318,91501580,000009.SZ,173723,1,0,8.5,400
2026-03-18 09:15:01.590,20260318,91501590,000009.SZ,174557,2,0,9.47,300
2026-03-18 09:15:01.590,20260318,91501590,000009.SZ,174604,2,0,9.98,600
2026-03-18 09:15:01.600,20260318,91501600,000009.SZ,174888,2,0,9.66,100
2026-03-18 09:15:01.610,20260318,91501610,000009.SZ,175392,2,0,9.75,2000
2026-03-18 09:15:01.610,20260318,91501610,000009.SZ,175393,2,0,9.85,2000
2026-03-18 09:15:01.620,20260318,91501620,000009.SZ,175952,2,0,10.0,5300
2026-03-18 09:15:01.620,20260318,91501620,000009.SZ,176062,2,0,9.6,200
2026-03-18 09:15:01.620,20260318,91501620,000009.SZ,176139,1,0,9.05,2000
2026-03-18 09:15:01.630,20260318,91501630,000009.SZ,176305,2,0,9.21,100
2026-03-18 09:15:01.660,20260318,91501660,000009.SZ,177354,1,0,9.2,500
2026-03-18 09:15:01.670,20260318,91501670,000009.SZ,177960,1,0,9.11,500
2026-03-18 09:15:01.670,20260318,91501670,000009.SZ,177966,1,0,9.01,700
2026-03-18 09:15:01.690,20260318,91501690,000009.SZ,178597,1,0,8.99,5000
2026-03-18 09:15:01.690,20260318,91501690,000009.SZ,178665,2,0,10.1,300
2026-03-18 09:15:01.690,20260318,91501690,000009.SZ,178876,1,0,9.67,1100
2026-03-18 09:15:01.710,20260318,91501710,000009.SZ,179544,1,0,9.06,100
2026-03-18 09:15:01.710,20260318,91501710,000009.SZ,179545,1,0,8.92,100
2026-03-18 09:15:01.710,20260318,91501710,000009.SZ,179546,1,0,8.84,100
2026-03-18 09:15:01.710,20260318,91501710,000009.SZ,179547,1,0,8.71,100
2026-03-18 09:15:01.740,20260318,91501740,000009.SZ,180805,2,0,10.13,10000
2026-03-18 09:15:01.760,20260318,91501760,000009.SZ,181837,2,0,9.4,1000
2026-03-18 09:15:01.770,20260318,91501770,000009.SZ,182289,1,0,8.98,3100
2026-03-18 09:15:01.780,20260318,91501780,000009.SZ,182848,1,0,8.88,400
2026-03-18 09:15:01.800,20260318,91501800,000009.SZ,183368,2,0,9.55,100
2026-03-18 09:15:01.800,20260318,91501800,000009.SZ,183414,1,0,8.9,700
2026-03-18 09:15:01.800,20260318,91501800,000009.SZ,183555,2,0,9.5,6600
2026-03-18 09:15:01.850,20260318,91501850,000009.SZ,185177,2,0,9.5,3000
2026-03-18 09:15:01.850,20260318,91501850,000009.SZ,185196,1,0,8.3,200
2026-03-18 09:15:01.850,20260318,91501850,000009.SZ,185315,1,0,8.3,200
2026-03-18 09:15:01.860,20260318,91501860,000009.SZ,185368,1,0,8.8,200
2026-03-18 09:15:01.860,20260318,91501860,000009.SZ,185594,2,0,10.12,500
2026-03-18 09:15:01.870,20260318,91501870,000009.SZ,185974,2,0,10.13,500000
2026-03-18 09:15:01.870,20260318,91501870,000009.SZ,185975,2,0,10.13,267500
2026-03-18 09:15:01.870,20260318,91501870,000009.SZ,185976,2,0,10.13,267500
2026-03-18 09:15:01.880,20260318,91501880,000009.SZ,186492,1,0,8.8,2000
2026-03-18 09:15:01.920,20260318,91501920,000009.SZ,188812,2,0,9.99,3000
2026-03-18 09:15:01.920,20260318,91501920,000009.SZ,188842,1,0,8.38,3000
2026-03-18 09:15:01.940,20260318,91501940,000009.SZ,190053,2,0,9.57,7000
2026-03-18 09:15:01.960,20260318,91501960,000009.SZ,190729,2,0,10.13,4000
2026-03-18 09:15:01.970,20260318,91501970,000009.SZ,191558,2,0,9.68,12000
2026-03-18 09:15:01.980,20260318,91501980,000009.SZ,191858,2,0,10.13,11900
2026-03-18 09:15:01.990,20260318,91501990,000009.SZ,192597,2,0,9.42,900
2026-03-18 09:15:02.000,20260318,91502000,000009.SZ,193004,1,0,9.17,300
2026-03-18 09:15:02.010,20260318,91502010,000009.SZ,193503,2,0,10.09,3000
2026-03-18 09:15:02.030,20260318,91502030,000009.SZ,194137,1,0,8.98,300
2026-03-18 09:15:02.030,20260318,91502030,000009.SZ,194138,2,0,9.67,300
2026-03-18 09:15:02.030,20260318,91502030,000009.SZ,194139,2,0,10.13,1000
2026-03-18 09:15:02.040,20260318,91502040,000009.SZ,194964,1,0,8.69,1200
2026-03-18 09:15:02.040,20260318,91502040,000009.SZ,195019,1,0,9.17,2000
2026-03-18 09:15:02.050,20260318,91502050,000009.SZ,195423,1,0,9.0,2500
2026-03-18 09:15:02.050,20260318,91502050,000009.SZ,195428,1,0,9.13,2000
2026-03-18 09:15:02.060,20260318,91502060,000009.SZ,196303,2,0,9.9,1100
2026-03-18 09:15:02.070,20260318,91502070,000009.SZ,196569,1,0,8.9,300
2026-03-18 09:15:02.070,20260318,91502070,000009.SZ,196598,1,0,8.92,400
2026-03-18 09:15:02.090,20260318,91502090,000009.SZ,197925,1,0,8.87,21400
2026-03-18 09:15:02.090,20260318,91502090,000009.SZ,197926,1,0,8.87,10700
2026-03-18 09:15:02.110,20260318,91502110,000009.SZ,198709,1,0,9.15,500
2026-03-18 09:15:02.110,20260318,91502110,000009.SZ,198710,1,0,9.1,500
2026-03-18 09:15:02.110,20260318,91502110,000009.SZ,198711,2,0,9.4,600
2026-03-18 09:15:02.110,20260318,91502110,000009.SZ,198715,2,0,9.45,600
2026-03-18 09:15:02.110,20260318,91502110,000009.SZ,198719,2,0,9.5,600
2026-03-18 09:15:02.120,20260318,91502120,000009.SZ,199086,1,0,8.67,200
2026-03-18 09:15:02.210,20260318,91502210,000009.SZ,202711,2,0,9.42,400
2026-03-18 09:15:02.210,20260318,91502210,000009.SZ,202968,2,0,10.1,800
2026-03-18 09:15:02.230,20260318,91502230,000009.SZ,203496,2,0,9.35,900
2026-03-18 09:15:02.270,20260318,91502270,000009.SZ,205910,2,0,9.39,2500
2026-03-18 09:15:02.280,20260318,91502280,000009.SZ,206079,2,0,9.39,100
2026-03-18 09:15:02.280,20260318,91502280,000009.SZ,206506,2,0,9.46,500
2026-03-18 09:15:02.280,20260318,91502280,000009.SZ,206507,2,0,9.51,500
2026-03-18 09:15:02.290,20260318,91502290,000009.SZ,206925,2,0,10.13,14800
2026-03-18 09:15:02.300,20260318,91502300,000009.SZ,207299,2,0,9.6,1000
2026-03-18 09:15:02.330,20260318,91502330,000009.SZ,208600,2,0,9.7,1000
2026-03-18 09:15:02.340,20260318,91502340,000009.SZ,208764,1,0,9.0,300
2026-03-18 09:15:02.340,20260318,91502340,000009.SZ,208856,1,0,8.8,100
2026-03-18 09:15:02.340,20260318,91502340,000009.SZ,208884,1,0,8.89,600
2026-03-18 09:15:02.380,20260318,91502380,000009.SZ,209778,1,0,8.9,2000
2026-03-18 09:15:02.410,20260318,91502410,000009.SZ,210566,2,0,9.48,1100
2026-03-18 09:15:02.460,20260318,91502460,000009.SZ,211336,1,0,9.21,100
2026-03-18 09:15:02.460,20260318,91502460,000009.SZ,211468,2,0,9.66,1100
2026-03-18 09:15:02.500,20260318,91502500,000009.SZ,212454,2,0,9.62,2500
2026-03-18 09:15:02.510,20260318,91502510,000009.SZ,212537,2,0,10.07,1200
2026-03-18 09:15:02.530,20260318,91502530,000009.SZ,213375,2,0,10.13,300
2026-03-18 09:15:02.540,20260318,91502540,000009.SZ,213435,2,0,9.55,500
2026-03-18 09:15:02.540,20260318,91502540,000009.SZ,213470,2,0,9.88,600
2026-03-18 09:15:02.540,20260318,91502540,000009.SZ,213508,2,0,10.11,1000
2026-03-18 09:15:02.540,20260318,91502540,000009.SZ,213512,1,0,9.01,400
2026-03-18 09:15:02.540,20260318,91502540,000009.SZ,213585,1,0,9.18,200
2026-03-18 09:15:02.540,20260318,91502540,000009.SZ,213628,1,0,9.14,200
2026-03-18 09:15:02.540,20260318,91502540,000009.SZ,213629,1,0,9.11,300
2026-03-18 09:15:02.550,20260318,91502550,000009.SZ,213755,2,0,9.88,100
2026-03-18 09:15:02.680,20260318,91502680,000009.SZ,216485,2,0,9.48,1000
2026-03-18 09:15:02.680,20260318,91502680,000009.SZ,216492,1,0,9.17,200
2026-03-18 09:15:02.680,20260318,91502680,000009.SZ,216506,2,0,9.7,1000
2026-03-18 09:15:02.740,20260318,91502740,000009.SZ,217454,1,0,9.02,5000
2026-03-18 09:15:02.760,20260318,91502760,000009.SZ,217664,1,0,10.13,200
2026-03-18 09:15:02.780,20260318,91502780,000009.SZ,218172,2,0,9.98,500
2026-03-18 09:15:02.790,20260318,91502790,000009.SZ,218524,2,0,10.13,100
2026-03-18 09:15:02.860,20260318,91502860,000009.SZ,219467,2,0,9.48,200
2026-03-18 09:15:02.890,20260318,91502890,000009.SZ,220074,2,0,10.13,2000
2026-03-18 09:15:02.890,20260318,91502890,000009.SZ,220075,2,0,9.85,1000
2026-03-18 09:15:02.890,20260318,91502890,000009.SZ,220076,2,0,9.62,2000
2026-03-18 09:15:02.900,20260318,91502900,000009.SZ,220467,1,0,9.15,900
2026-03-18 09:15:02.920,20260318,91502920,000009.SZ,220990,2,0,9.56,3000
2026-03-18 09:15:03.030,20260318,91503030,000009.SZ,223831,2,0,10.09,1000
2026-03-18 09:15:03.040,20260318,91503040,000009.SZ,224047,2,0,9.46,4000
2026-03-18 09:15:03.040,20260318,91503040,000009.SZ,224185,2,0,9.82,1900
2026-03-18 09:15:03.060,20260318,91503060,000009.SZ,224682,1,0,8.97,300
2026-03-18 09:15:03.220,20260318,91503220,000009.SZ,228182,2,0,10.13,100
2026-03-18 09:15:03.310,20260318,91503310,000009.SZ,230529,2,0,9.99,2000
2026-03-18 09:15:03.330,20260318,91503330,000009.SZ,231052,1,0,8.81,500
2026-03-18 09:15:03.380,20260318,91503380,000009.SZ,231663,1,0,8.29,1000
2026-03-18 09:15:03.480,20260318,91503480,000009.SZ,232495,2,0,9.49,1800
2026-03-18 09:15:03.480,20260318,91503480,000009.SZ,232496,2,0,9.62,1700
2026-03-18 09:15:03.480,20260318,91503480,000009.SZ,232498,2,0,9.74,1700
2026-03-18 09:15:03.480,20260318,91503480,000009.SZ,232499,2,0,9.85,1700
2026-03-18 09:15:03.480,20260318,91503480,000009.SZ,232501,2,0,9.95,1700
2026-03-18 09:15:03.480,20260318,91503480,000009.SZ,232502,2,0,10.04,1700
2026-03-18 09:15:03.480,20260318,91503480,000009.SZ,232503,2,0,10.13,1700
2026-03-18 09:15:03.480,20260318,91503480,000009.SZ,232504,1,0,8.93,3300
2026-03-18 09:15:03.540,20260318,91503540,000009.SZ,233284,2,0,10.13,2300
2026-03-18 09:15:03.560,20260318,91503560,000009.SZ,233553,2,0,10.13,100
2026-03-18 09:15:03.580,20260318,91503580,000009.SZ,233679,1,0,9.0,100
2026-03-18 09:15:03.580,20260318,91503580,000009.SZ,233680,2,0,9.5,100
2026-03-18 09:15:03.580,20260318,91503580,000009.SZ,233681,2,0,9.75,100
2026-03-18 09:15:03.610,20260318,91503610,000009.SZ,234186,1,0,9.01,1500
2026-03-18 09:15:03.620,20260318,91503620,000009.SZ,234217,2,0,9.69,1400
2026-03-18 09:15:03.670,20260318,91503670,000009.SZ,234752,2,0,10.13,100
2026-03-18 09:15:03.690,20260318,91503690,000009.SZ,235170,2,0,9.52,2700
2026-03-18 09:15:03.710,20260318,91503710,000009.SZ,235499,2,0,10.13,1000
2026-03-18 09:15:03.710,20260318,91503710,000009.SZ,235502,1,0,8.29,200
2026-03-18 09:15:03.780,20260318,91503780,000009.SZ,236370,1,0,9.0,100
2026-03-18 09:15:03.790,20260318,91503790,000009.SZ,236468,2,0,9.52,1600
2026-03-18 09:15:03.890,20260318,91503890,000009.SZ,237364,2,0,9.65,2000
2026-03-18 09:15:03.900,20260318,91503900,000009.SZ,237511,2,0,9.8,2000
2026-03-18 09:15:04.040,20260318,91504040,000009.SZ,239985,1,0,8.91,1000
2026-03-18 09:15:04.090,20260318,91504090,000009.SZ,240777,1,0,8.87,9000
2026-03-18 09:15:04.120,20260318,91504120,000009.SZ,241216,1,0,9.12,2000
2026-03-18 09:15:04.130,20260318,91504130,000009.SZ,241353,2,0,10.13,1000
2026-03-18 09:15:04.140,20260318,91504140,000009.SZ,241406,2,0,10.13,1000
2026-03-18 09:15:04.230,20260318,91504230,000009.SZ,242341,2,0,10.12,200
2026-03-18 09:15:04.240,20260318,91504240,000009.SZ,242436,1,0,9.1,3000
2026-03-18 09:15:04.260,20260318,91504260,000009.SZ,242903,1,0,8.6,500
2026-03-18 09:15:04.290,20260318,91504290,000009.SZ,243455,2,0,9.49,2000
2026-03-18 09:15:04.300,20260318,91504300,000009.SZ,243638,1,0,9.17,400
2026-03-18 09:15:04.300,20260318,91504300,000009.SZ,243797,1,0,9.17,400
2026-03-18 09:15:04.300,20260318,91504300,000009.SZ,243817,2,0,9.23,700
2026-03-18 09:15:04.380,20260318,91504380,000009.SZ,244685,2,0,10.13,1000
2026-03-18 09:15:04.480,20260318,91504480,000009.SZ,245285,1,0,8.99,300
2026-03-18 09:15:04.570,20260318,91504570,000009.SZ,245651,2,0,10.13,100
2026-03-18 09:15:04.600,20260318,91504600,000009.SZ,245914,2,0,9.35,200
2026-03-18 09:15:04.630,20260318,91504630,000009.SZ,246163,2,0,9.58,3200
2026-03-18 09:15:04.790,20260318,91504790,000009.SZ,247369,2,0,9.46,2000
2026-03-18 09:15:04.820,20260318,91504820,000009.SZ,247560,2,0,10.13,12100
2026-03-18 09:15:04.930,20260318,91504930,000009.SZ,248311,2,0,9.61,2000
2026-03-18 09:15:04.930,20260318,91504930,000009.SZ,248315,2,0,9.98,2100
2026-03-18 09:15:05.030,20260318,91505030,000009.SZ,248537,1,0,9.07,800
2026-03-18 09:15:05.030,20260318,91505030,000009.SZ,248641,2,0,9.97,1300
2026-03-18 09:15:05.060,20260318,91505060,000009.SZ,249008,2,0,10.1,500
2026-03-18 09:15:05.090,20260318,91505090,000009.SZ,249375,2,0,9.8,3000
2026-03-18 09:15:05.250,20260318,91505250,000009.SZ,250506,1,0,8.8,1200
2026-03-18 09:15:05.250,20260318,91505250,000009.SZ,250508,1,0,9.0,1200
2026-03-18 09:15:05.250,20260318,91505250,000009.SZ,250513,2,0,9.69,1100
2026-03-18 09:15:05.250,20260318,91505250,000009.SZ,250527,1,0,8.96,100
2026-03-18 09:15:05.250,20260318,91505250,000009.SZ,250531,2,0,9.74,100
2026-03-18 09:15:05.300,20260318,91505300,000009.SZ,251292,2,0,9.98,4400
2026-03-18 09:15:05.430,20260318,91505430,000009.SZ,251992,2,0,10.12,4600
2026-03-18 09:15:05.430,20260318,91505430,000009.SZ,251997,1,0,8.92,3000
2026-03-18 09:15:05.430,20260318,91505430,000009.SZ,251999,1,0,9.01,4000
2026-03-18 09:15:05.430,20260318,91505430,000009.SZ,252001,1,0,8.82,4000
2026-03-18 09:15:05.630,20260318,91505630,000009.SZ,252598,1,0,9.11,1500
2026-03-18 09:15:05.630,20260318,91505630,000009.SZ,252646,2,0,9.79,1400
2026-03-18 09:15:05.740,20260318,91505740,000009.SZ,253132,2,0,10.13,500
2026-03-18 09:15:05.910,20260318,91505910,000009.SZ,253736,2,0,10.12,1900
2026-03-18 09:15:06.030,20260318,91506030,000009.SZ,254065,2,0,9.58,1000
2026-03-18 09:15:06.040,20260318,91506040,000009.SZ,254210,2,0,9.58,500
2026-03-18 09:15:06.230,20260318,91506230,000009.SZ,255137,2,0,10.13,1200
2026-03-18 09:15:06.340,20260318,91506340,000009.SZ,256123,2,0,9.34,500
2026-03-18 09:15:06.370,20260318,91506370,000009.SZ,256162,2,0,10.13,200
2026-03-18 09:15:06.590,20260318,91506590,000009.SZ,256310,2,0,10.13,500
2026-03-18 09:15:06.770,20260318,91506770,000009.SZ,256928,2,0,9.45,7000
2026-03-18 09:15:06.770,20260318,91506770,000009.SZ,256929,2,0,9.6,23800
2026-03-18 09:15:07.080,20260318,91507080,000009.SZ,257680,2,0,10.13,3000
2026-03-18 09:15:07.480,20260318,91507480,000009.SZ,258700,2,0,10.12,5700
2026-03-18 09:15:07.950,20260318,91507950,000009.SZ,259240,2,0,10.13,100
2026-03-18 09:15:08.260,20260318,91508260,000009.SZ,259624,2,0,9.66,5000
2026-03-18 09:15:08.300,20260318,91508300,000009.SZ,259798,2,0,10.13,9800
2026-03-18 09:15:09.030,20260318,91509030,000009.SZ,260481,2,0,8.57,100
2026-03-18 09:15:09.330,20260318,91509330,000009.SZ,261046,2,0,9.96,200
2026-03-18 09:15:10.150,20260318,91510150,000009.SZ,261644,1,0,9.0,300
2026-03-18 09:15:10.150,20260318,91510150,000009.SZ,261645,1,0,8.5,300
2026-03-18 09:15:10.330,20260318,91510330,000009.SZ,261959,1,0,9.14,1000
2026-03-18 09:15:11.320,20260318,91511320,000009.SZ,262537,1,0,8.8,2000
2026-03-18 09:15:12.220,20260318,91512220,000009.SZ,262890,2,0,9.32,200
2026-03-18 09:15:12.220,20260318,91512220,000009.SZ,262891,1,0,9.18,200
2026-03-18 09:15:13.310,20260318,91513310,000009.SZ,263337,2,0,8.57,2500
2026-03-18 09:15:13.310,20260318,91513310,000009.SZ,263346,2,0,10.01,1000
2026-03-18 09:15:14.490,20260318,91514490,000009.SZ,263847,2,0,9.26,1000
2026-03-18 09:15:14.510,20260318,91514510,000009.SZ,263871,1,0,9.13,400
2026-03-18 09:15:15.210,20260318,91515210,000009.SZ,264078,2,0,10.08,1500
2026-03-18 09:15:15.700,20260318,91515700,000009.SZ,264243,1,0,9.0,1000
2026-03-18 09:15:17.300,20260318,91517300,000009.SZ,264589,2,0,10.13,500
2026-03-18 09:15:18.480,20260318,91518480,000009.SZ,264855,1,0,8.5,100
2026-03-18 09:15:23.330,20260318,91523330,000009.SZ,265921,2,0,8.57,2400
2026-03-18 09:15:25.040,20260318,91525040,000009.SZ,266347,1,0,9.21,1000
2026-03-18 09:15:28.350,20260318,91528350,000009.SZ,267032,2,0,9.35,100
2026-03-18 09:15:28.370,20260318,91528370,000009.SZ,267039,1,0,9.15,100
2026-03-18 09:15:29.650,20260318,91529650,000009.SZ,267303,2,0,10.13,200
2026-03-18 09:15:29.830,20260318,91529830,000009.SZ,267329,1,0,9.21,1000
2026-03-18 09:15:32.210,20260318,91532210,000009.SZ,267931,2,0,8.57,200
2026-03-18 09:15:37.060,20260318,91537060,000009.SZ,268991,2,0,10.13,500
2026-03-18 09:15:38.150,20260318,91538150,000009.SZ,269254,2,0,9.7,100
2026-03-18 09:15:38.150,20260318,91538150,000009.SZ,269255,1,0,8.9,100
2026-03-18 09:15:43.340,20260318,91543340,000009.SZ,270450,2,0,8.57,300
2026-03-18 09:15:46.370,20260318,91546370,000009.SZ,271182,2,0,8.29,300
2026-03-18 09:15:46.880,20260318,91546880,000009.SZ,271298,2,0,9.36,5500
2026-03-18 09:15:50.280,20260318,91550280,000009.SZ,272126,1,0,9.14,200
2026-03-18 09:15:50.280,20260318,91550280,000009.SZ,272127,2,0,9.43,200
2026-03-18 09:15:52.210,20260318,91552210,000009.SZ,272624,2,0,9.32,400
2026-03-18 09:15:52.310,20260318,91552310,000009.SZ,272652,1,0,9.1,400
2026-03-18 09:15:55.380,20260318,91555380,000009.SZ,273476,2,0,9.73,1000
2026-03-18 09:15:55.440,20260318,91555440,000009.SZ,273496,1,0,9.06,1000
2026-03-18 09:15:55.650,20260318,91555650,000009.SZ,273547,1,0,9.09,1000
2026-03-18 09:15:57.470,20260318,91557470,000009.SZ,274192,2,0,8.29,1400
2026-03-18 09:16:00.160,20260318,91600160,000009.SZ,274967,2,0,9.54,5500
2026-03-18 09:16:00.690,20260318,91600690,000009.SZ,275126,2,0,9.51,30000
2026-03-18 09:16:01.080,20260318,91601080,000009.SZ,275231,2,0,9.21,2400
2026-03-18 09:16:02.740,20260318,91602740,000009.SZ,275849,2,0,9.25,100
2026-03-18 09:16:07.960,20260318,91607960,000009.SZ,277587,2,0,9.5,100
2026-03-18 09:16:08.850,20260318,91608850,000009.SZ,277845,2,0,9.3,100
2026-03-18 09:16:09.020,20260318,91609020,000009.SZ,277886,2,0,9.77,5200
2026-03-18 09:16:14.400,20260318,91614400,000009.SZ,279384,1,0,8.85,5000
2026-03-18 09:16:14.880,20260318,91614880,000009.SZ,279492,2,0,9.35,100
2026-03-18 09:16:15.840,20260318,91615840,000009.SZ,279705,1,0,9.1,1000
2026-03-18 09:16:20.910,20260318,91620910,000009.SZ,281019,2,0,9.4,100
2026-03-18 09:16:22.210,20260318,91622210,000009.SZ,281339,2,0,10.13,10000
2026-03-18 09:16:25.620,20260318,91625620,000009.SZ,282236,1,0,9.09,1000
2026-03-18 09:16:27.080,20260318,91627080,000009.SZ,282634,2,0,9.45,100
2026-03-18 09:16:33.140,20260318,91633140,000009.SZ,284266,1,0,9.15,100
2026-03-18 09:16:34.150,20260318,91634150,000009.SZ,284546,2,0,9.4,1700
2026-03-18 09:16:39.130,20260318,91639130,000009.SZ,285956,1,0,9.1,100
2026-03-18 09:16:44.950,20260318,91644950,000009.SZ,287631,1,0,9.13,8800
2026-03-18 09:16:45.180,20260318,91645180,000009.SZ,287684,1,0,9.05,100
2026-03-18 09:16:50.950,20260318,91650950,000009.SZ,289343,1,0,8.32,300
2026-03-18 09:16:55.050,20260318,91655050,000009.SZ,290502,2,0,9.99,200
2026-03-18 09:16:55.700,20260318,91655700,000009.SZ,290712,2,0,9.42,2000
2026-03-18 09:16:59.050,20260318,91659050,000009.SZ,291669,2,0,10.13,200
2026-03-18 09:17:00.350,20260318,91700350,000009.SZ,292086,2,0,9.65,500
2026-03-18 09:17:02.110,20260318,91702110,000009.SZ,292711,2,0,9.5,3000
2026-03-18 09:17:05.170,20260318,91705170,000009.SZ,293618,1,0,9.13,4400
2026-03-18 09:17:06.480,20260318,91706480,000009.SZ,294024,1,0,9.11,800
2026-03-18 09:17:06.520,20260318,91706520,000009.SZ,294037,1,0,9.18,700
2026-03-18 09:17:08.780,20260318,91708780,000009.SZ,294710,2,0,10.0,500
2026-03-18 09:17:09.630,20260318,91709630,000009.SZ,294974,1,0,9.0,20000
2026-03-18 09:17:10.110,20260318,91710110,000009.SZ,295109,2,0,9.21,1300
2026-03-18 09:17:10.740,20260318,91710740,000009.SZ,295273,2,0,10.13,1000
2026-03-18 09:17:11.860,20260318,91711860,000009.SZ,295610,1,0,10.13,15100
2026-03-18 09:17:19.410,20260318,91719410,000009.SZ,298014,2,0,9.45,1500
2026-03-18 09:17:22.330,20260318,91722330,000009.SZ,298897,2,0,8.29,200
2026-03-18 09:17:22.450,20260318,91722450,000009.SZ,298942,2,0,10.12,300
2026-03-18 09:17:23.350,20260318,91723350,000009.SZ,299217,2,0,8.57,700
2026-03-18 09:17:24.980,20260318,91724980,000009.SZ,299735,1,0,9.1,500
2026-03-18 09:17:25.340,20260318,91725340,000009.SZ,299857,2,0,10.13,2600
2026-03-18 09:17:29.690,20260318,91729690,000009.SZ,301254,2,0,10.06,2000
2026-03-18 09:17:30.230,20260318,91730230,000009.SZ,301418,2,0,10.13,1000
2026-03-18 09:17:30.830,20260318,91730830,000009.SZ,301616,2,0,9.5,100
2026-03-18 09:17:36.020,20260318,91736020,000009.SZ,303304,2,0,9.99,1500
2026-03-18 09:17:36.920,20260318,91736920,000009.SZ,303610,2,0,10.13,2800
2026-03-18 09:17:37.170,20260318,91737170,000009.SZ,303684,1,0,9.2,2000
2026-03-18 09:17:38.200,20260318,91738200,000009.SZ,304025,2,0,9.6,2000
2026-03-18 09:17:40.580,20260318,91740580,000009.SZ,304758,2,0,9.92,1500
2026-03-18 09:17:44.780,20260318,91744780,000009.SZ,306147,1,0,8.92,5000
2026-03-18 09:17:44.930,20260318,91744930,000009.SZ,306200,2,0,9.84,1500
2026-03-18 09:17:45.110,20260318,91745110,000009.SZ,306255,1,0,9.02,800
2026-03-18 09:17:49.000,20260318,91749000,000009.SZ,307580,2,0,9.45,1000
2026-03-18 09:17:49.350,20260318,91749350,000009.SZ,307676,2,0,9.5,3000
2026-03-18 09:17:49.520,20260318,91749520,000009.SZ,307726,2,0,9.6,700
2026-03-18 09:17:54.450,20260318,91754450,000009.SZ,309383,1,0,9.13,2000
2026-03-18 09:17:55.260,20260318,91755260,000009.SZ,309658,1,0,9.09,500
2026-03-18 09:17:55.490,20260318,91755490,000009.SZ,309739,2,0,9.75,1600
2026-03-18 09:17:55.720,20260318,91755720,000009.SZ,309825,1,0,9.01,1000
2026-03-18 09:18:00.360,20260318,91800360,000009.SZ,311480,2,0,9.69,500
2026-03-18 09:18:04.810,20260318,91804810,000009.SZ,313052,2,0,10.13,1400
2026-03-18 09:18:05.000,20260318,91805000,000009.SZ,313117,2,0,9.4,2000
2026-03-18 09:18:05.330,20260318,91805330,000009.SZ,313229,2,0,10.1,1000
2026-03-18 09:18:06.200,20260318,91806200,000009.SZ,313535,2,0,9.55,1000
2026-03-18 09:18:07.240,20260318,91807240,000009.SZ,313898,2,0,9.54,3000
2026-03-18 09:18:09.600,20260318,91809600,000009.SZ,314689,2,0,9.96,1000
2026-03-18 09:18:10.350,20260318,91810350,000009.SZ,314959,1,0,9.01,900
2026-03-18 09:18:11.420,20260318,91811420,000009.SZ,315335,1,0,9.11,2000
2026-03-18 09:18:12.970,20260318,91812970,000009.SZ,315853,2,0,10.1,6000
2026-03-18 09:18:16.410,20260318,91816410,000009.SZ,316953,2,0,9.65,1000
2026-03-18 09:18:17.930,20260318,91817930,000009.SZ,317501,1,0,8.82,900
2026-03-18 09:18:21.290,20260318,91821290,000009.SZ,318727,2,0,10.0,6000
2026-03-18 09:18:23.240,20260318,91823240,000009.SZ,319484,1,0,9.02,1000
2026-03-18 09:18:24.070,20260318,91824070,000009.SZ,319760,1,0,8.88,3000
2026-03-18 09:18:25.200,20260318,91825200,000009.SZ,320152,2,0,9.39,2300
2026-03-18 09:18:25.600,20260318,91825600,000009.SZ,320308,1,0,9.09,2000
2026-03-18 09:18:28.550,20260318,91828550,000009.SZ,321319,2,0,9.43,2300
2026-03-18 09:18:31.380,20260318,91831380,000009.SZ,322369,2,0,9.43,3100
2026-03-18 09:18:32.060,20260318,91832060,000009.SZ,322611,2,0,10.13,200
2026-03-18 09:18:33.190,20260318,91833190,000009.SZ,323002,2,0,9.21,8100
2026-03-18 09:18:33.670,20260318,91833670,000009.SZ,323168,2,0,10.13,10000
2026-03-18 09:18:38.390,20260318,91838390,000009.SZ,324794,1,0,9.07,2000
2026-03-18 09:18:41.310,20260318,91841310,000009.SZ,325852,2,0,10.0,700
2026-03-18 09:18:49.260,20260318,91849260,000009.SZ,328577,1,0,9.05,2000
2026-03-18 09:18:49.310,20260318,91849310,000009.SZ,328596,1,0,8.99,1000
2026-03-18 09:18:49.580,20260318,91849580,000009.SZ,328689,1,0,9.21,3500
2026-03-18 09:18:55.220,20260318,91855220,000009.SZ,330669,2,0,8.57,700
2026-03-18 09:18:57.730,20260318,91857730,000009.SZ,331566,2,0,9.47,800
2026-03-18 09:18:58.770,20260318,91858770,000009.SZ,331981,2,0,9.5,1000
2026-03-18 09:18:58.790,20260318,91858790,000009.SZ,331985,2,0,9.5,2000
2026-03-18 09:18:59.290,20260318,91859290,000009.SZ,332168,2,0,9.86,3000
2026-03-18 09:18:59.820,20260318,91859820,000009.SZ,332382,2,0,9.5,1000
2026-03-18 09:19:00.620,20260318,91900620,000009.SZ,332681,2,0,10.12,7800
2026-03-18 09:19:01.800,20260318,91901800,000009.SZ,333115,2,0,9.55,100
2026-03-18 09:19:02.730,20260318,91902730,000009.SZ,333462,1,0,9.03,2000
2026-03-18 09:19:05.530,20260318,91905530,000009.SZ,334461,1,0,9.06,500
2026-03-18 09:19:06.220,20260318,91906220,000009.SZ,334705,2,0,9.54,800
2026-03-18 09:19:08.890,20260318,91908890,000009.SZ,335731,1,0,8.91,1000
2026-03-18 09:19:09.300,20260318,91909300,000009.SZ,335883,2,0,9.21,4000
2026-03-18 09:19:12.600,20260318,91912600,000009.SZ,337155,2,0,9.37,600
2026-03-18 09:19:23.950,20260318,91923950,000009.SZ,341621,2,0,9.65,3000
2026-03-18 09:19:27.580,20260318,91927580,000009.SZ,343148,1,0,9.07,200
2026-03-18 09:19:28.750,20260318,91928750,000009.SZ,343593,2,0,9.42,7400
2026-03-18 09:19:29.000,20260318,91929000,000009.SZ,343696,1,0,8.98,100
2026-03-18 09:19:32.670,20260318,91932670,000009.SZ,345147,2,0,9.32,5000
2026-03-18 09:19:35.480,20260318,91935480,000009.SZ,346247,1,0,8.98,1000
2026-03-18 09:19:38.890,20260318,91938890,000009.SZ,347546,2,0,9.45,500
2026-03-18 09:19:40.190,20260318,91940190,000009.SZ,348035,1,0,9.0,1500
2026-03-18 09:19:43.040,20260318,91943040,000009.SZ,349088,2,0,9.48,2000
2026-03-18 09:19:46.600,20260318,91946600,000009.SZ,350476,2,0,9.39,5000
2026-03-18 09:19:47.450,20260318,91947450,000009.SZ,350813,1,0,9.01,200
2026-03-18 09:19:47.620,20260318,91947620,000009.SZ,350898,2,0,9.48,500
2026-03-18 09:19:50.380,20260318,91950380,000009.SZ,351979,1,0,8.88,5000
2026-03-18 09:19:54.130,20260318,91954130,000009.SZ,353366,2,0,9.69,6700
2026-03-18 09:19:54.820,20260318,91954820,000009.SZ,353647,2,0,9.68,5300
2026-03-18 09:19:56.490,20260318,91956490,000009.SZ,354285,1,0,9.21,1000
2026-03-18 09:19:59.030,20260318,91959030,000009.SZ,355281,2,0,9.43,5000
2026-03-18 09:19:59.030,20260318,91959030,000009.SZ,355282,1,0,9.02,1600
2026-03-18 09:20:00.190,20260318,92000190,000009.SZ,355701,1,0,9.66,200
2026-03-18 09:20:02.510,20260318,92002510,000009.SZ,356594,1,0,9.39,300
2026-03-18 09:20:06.020,20260318,92006020,000009.SZ,357968,2,0,9.03,100
2026-03-18 09:20:06.270,20260318,92006270,000009.SZ,358083,2,0,9.21,5100
2026-03-18 09:20:08.460,20260318,92008460,000009.SZ,358863,2,0,9.88,6700
2026-03-18 09:20:10.150,20260318,92010150,000009.SZ,359487,2,0,10.1,2000
2026-03-18 09:20:12.030,20260318,92012030,000009.SZ,360139,2,0,9.52,5000
2026-03-18 09:20:14.050,20260318,92014050,000009.SZ,360787,1,0,9.67,4200
2026-03-18 09:20:17.370,20260318,92017370,000009.SZ,361911,2,0,9.61,200
2026-03-18 09:20:21.070,20260318,92021070,000009.SZ,363160,1,0,9.22,200
2026-03-18 09:20:25.610,20260318,92025610,000009.SZ,364629,1,0,9.0,23000
2026-03-18 09:20:27.480,20260318,92027480,000009.SZ,365263,2,0,9.7,3000
2026-03-18 09:20:32.350,20260318,92032350,000009.SZ,366864,1,0,9.67,100
2026-03-18 09:20:33.260,20260318,92033260,000009.SZ,367183,2,0,9.4,1500
2026-03-18 09:20:34.230,20260318,92034230,000009.SZ,367501,1,0,9.1,600
2026-03-18 09:20:35.220,20260318,92035220,000009.SZ,367825,1,0,8.9,1000
2026-03-18 09:20:38.370,20260318,92038370,000009.SZ,368913,2,0,10.13,3100
2026-03-18 09:20:40.080,20260318,92040080,000009.SZ,369487,2,0,9.7,1200
2026-03-18 09:20:44.320,20260318,92044320,000009.SZ,370958,2,0,10.13,2000
2026-03-18 09:20:44.730,20260318,92044730,000009.SZ,371114,1,0,8.6,600
2026-03-18 09:20:46.270,20260318,92046270,000009.SZ,371727,1,0,9.22,2000
2026-03-18 09:20:48.460,20260318,92048460,000009.SZ,372469,1,0,9.21,2000
2026-03-18 09:20:50.420,20260318,92050420,000009.SZ,373146,2,0,9.21,100
2026-03-18 09:20:50.540,20260318,92050540,000009.SZ,373189,1,0,9.0,10000
2026-03-18 09:20:53.530,20260318,92053530,000009.SZ,374234,2,0,9.4,7000
2026-03-18 09:20:54.160,20260318,92054160,000009.SZ,374457,1,0,9.66,100
2026-03-18 09:21:00.050,20260318,92100050,000009.SZ,376561,1,0,9.67,1000
2026-03-18 09:21:00.520,20260318,92100520,000009.SZ,376816,1,0,10.13,100
2026-03-18 09:21:02.050,20260318,92102050,000009.SZ,377975,1,0,9.22,200
2026-03-18 09:21:02.460,20260318,92102460,000009.SZ,378139,2,0,9.48,200
2026-03-18 09:21:02.590,20260318,92102590,000009.SZ,378214,1,0,8.82,300
2026-03-18 09:21:05.510,20260318,92105510,000009.SZ,379370,1,0,9.23,2000
2026-03-18 09:21:07.710,20260318,92107710,000009.SZ,380284,1,0,9.3,200
2026-03-18 09:21:09.050,20260318,92109050,000009.SZ,380781,1,0,9.67,100
2026-03-18 09:21:09.910,20260318,92109910,000009.SZ,381126,2,0,9.49,500
2026-03-18 09:21:10.310,20260318,92110310,000009.SZ,381286,2,0,10.11,300
2026-03-18 09:21:10.550,20260318,92110550,000009.SZ,381358,2,0,9.5,3000
2026-03-18 09:21:12.160,20260318,92112160,000009.SZ,381923,2,0,9.24,9600
2026-03-18 09:21:13.730,20260318,92113730,000009.SZ,382512,2,0,8.65,500
2026-03-18 09:21:16.390,20260318,92116390,000009.SZ,383535,2,0,10.13,2000
2026-03-18 09:21:17.550,20260318,92117550,000009.SZ,383967,1,0,9.67,500
2026-03-18 09:21:22.770,20260318,92122770,000009.SZ,385865,1,0,9.13,400
2026-03-18 09:21:24.850,20260318,92124850,000009.SZ,386694,2,0,9.33,3000
2026-03-18 09:21:25.450,20260318,92125450,000009.SZ,386890,1,0,8.46,8800
2026-03-18 09:21:27.120,20260318,92127120,000009.SZ,387509,2,0,9.31,1000
2026-03-18 09:21:27.120,20260318,92127120,000009.SZ,387510,2,0,10.13,300
2026-03-18 09:21:27.840,20260318,92127840,000009.SZ,387801,2,0,9.32,1000
2026-03-18 09:21:29.550,20260318,92129550,000009.SZ,388415,2,0,9.68,6700
2026-03-18 09:21:30.450,20260318,92130450,000009.SZ,388755,2,0,9.8,1000
2026-03-18 09:21:32.080,20260318,92132080,000009.SZ,389404,2,0,9.49,2000
2026-03-18 09:21:33.420,20260318,92133420,000009.SZ,389863,2,0,10.13,400
2026-03-18 09:21:33.970,20260318,92133970,000009.SZ,390062,2,0,9.59,2100
2026-03-18 09:21:34.340,20260318,92134340,000009.SZ,390203,2,0,9.88,500
2026-03-18 09:21:35.120,20260318,92135120,000009.SZ,390520,2,0,10.13,1000
2026-03-18 09:21:39.970,20260318,92139970,000009.SZ,392453,1,0,8.93,400
2026-03-18 09:21:40.160,20260318,92140160,000009.SZ,392541,1,0,9.17,3600
2026-03-18 09:21:40.210,20260318,92140210,000009.SZ,392562,2,0,10.1,200
2026-03-18 09:21:46.920,20260318,92146920,000009.SZ,395177,2,0,9.59,300
2026-03-18 09:21:49.340,20260318,92149340,000009.SZ,396189,2,0,9.68,2000
2026-03-18 09:21:51.970,20260318,92151970,000009.SZ,397258,2,0,9.44,1000
2026-03-18 09:21:52.220,20260318,92152220,000009.SZ,397364,2,0,9.69,600
2026-03-18 09:21:55.010,20260318,92155010,000009.SZ,398409,2,0,9.42,1000
2026-03-18 09:21:55.300,20260318,92155300,000009.SZ,398536,2,0,9.4,300
2026-03-18 09:22:00.390,20260318,92200390,000009.SZ,400648,2,0,10.13,1000
2026-03-18 09:22:00.570,20260318,92200570,000009.SZ,400728,2,0,9.53,1000
2026-03-18 09:22:01.360,20260318,92201360,000009.SZ,401050,2,0,10.1,8500
2026-03-18 09:22:01.400,20260318,92201400,000009.SZ,401063,2,0,10.13,900
2026-03-18 09:22:02.070,20260318,92202070,000009.SZ,401364,2,0,10.13,2000
2026-03-18 09:22:03.760,20260318,92203760,000009.SZ,402025,2,0,9.45,1000
2026-03-18 09:22:06.120,20260318,92206120,000009.SZ,402978,1,0,8.8,200
2026-03-18 09:22:06.510,20260318,92206510,000009.SZ,403155,1,0,8.95,500
2026-03-18 09:22:07.680,20260318,92207680,000009.SZ,403656,2,0,9.47,3000
2026-03-18 09:22:08.150,20260318,92208150,000009.SZ,403882,1,0,9.01,1000
2026-03-18 09:22:09.470,20260318,92209470,000009.SZ,404418,2,0,9.32,1100
2026-03-18 09:22:12.000,20260318,92212000,000009.SZ,405460,2,0,9.32,800
2026-03-18 09:22:13.170,20260318,92213170,000009.SZ,405878,1,0,8.88,1500
2026-03-18 09:22:14.130,20260318,92214130,000009.SZ,406272,2,0,9.39,5000
2026-03-18 09:22:16.610,20260318,92216610,000009.SZ,407314,2,0,10.12,1000
2026-03-18 09:22:18.390,20260318,92218390,000009.SZ,408077,1,0,9.18,1000
2026-03-18 09:22:19.150,20260318,92219150,000009.SZ,408395,2,0,9.76,1100
2026-03-18 09:22:24.840,20260318,92224840,000009.SZ,410764,2,0,9.5,800
2026-03-18 09:22:25.730,20260318,92225730,000009.SZ,411138,2,0,10.13,500
2026-03-18 09:22:30.830,20260318,92230830,000009.SZ,413260,2,0,10.0,100
2026-03-18 09:22:30.970,20260318,92230970,000009.SZ,413335,2,0,9.61,1000
2026-03-18 09:22:35.670,20260318,92235670,000009.SZ,415410,1,0,9.01,5000
2026-03-18 09:22:36.340,20260318,92236340,000009.SZ,415713,1,0,9.11,2700
2026-03-18 09:22:36.370,20260318,92236370,000009.SZ,415720,2,0,9.54,1000
2026-03-18 09:22:36.630,20260318,92236630,000009.SZ,415836,2,0,10.13,500
2026-03-18 09:22:37.740,20260318,92237740,000009.SZ,416300,2,0,9.43,300
2026-03-18 09:22:38.650,20260318,92238650,000009.SZ,416707,2,0,9.35,100
2026-03-18 09:22:38.740,20260318,92238740,000009.SZ,416747,2,0,10.0,1100
2026-03-18 09:22:40.090,20260318,92240090,000009.SZ,417334,2,0,9.7,5000
2026-03-18 09:22:44.590,20260318,92244590,000009.SZ,419335,2,0,9.27,700
2026-03-18 09:22:50.260,20260318,92250260,000009.SZ,421777,2,0,9.38,2500
2026-03-18 09:22:50.280,20260318,92250280,000009.SZ,421790,2,0,9.8,5000
2026-03-18 09:22:50.390,20260318,92250390,000009.SZ,421836,2,0,8.29,100
2026-03-18 09:22:52.390,20260318,92252390,000009.SZ,422753,2,0,9.21,5000
2026-03-18 09:22:54.340,20260318,92254340,000009.SZ,423581,2,0,9.77,300
2026-03-18 09:22:55.510,20260318,92255510,000009.SZ,424127,1,0,9.01,100
2026-03-18 09:22:56.330,20260318,92256330,000009.SZ,424508,2,0,10.04,300
2026-03-18 09:22:56.620,20260318,92256620,000009.SZ,424628,1,0,9.1,1000
2026-03-18 09:22:57.800,20260318,92257800,000009.SZ,425185,1,0,9.17,300
2026-03-18 09:22:58.690,20260318,92258690,000009.SZ,425574,1,0,9.08,1100
2026-03-18 09:23:01.340,20260318,92301340,000009.SZ,426884,2,0,10.13,100
2026-03-18 09:23:03.520,20260318,92303520,000009.SZ,427995,2,0,9.99,1000
2026-03-18 09:23:03.750,20260318,92303750,000009.SZ,428109,2,0,9.6,600
2026-03-18 09:23:04.270,20260318,92304270,000009.SZ,428350,2,0,9.4,100
2026-03-18 09:23:06.330,20260318,92306330,000009.SZ,429296,1,0,9.18,4000
2026-03-18 09:23:06.900,20260318,92306900,000009.SZ,429547,2,0,8.29,600
2026-03-18 09:23:08.420,20260318,92308420,000009.SZ,430269,1,0,9.21,400
2026-03-18 09:23:08.980,20260318,92308980,000009.SZ,430528,2,0,9.4,2000
2026-03-18 09:23:09.410,20260318,92309410,000009.SZ,430756,2,0,10.13,14700
2026-03-18 09:23:13.770,20260318,92313770,000009.SZ,432845,2,0,10.08,200
2026-03-18 09:23:15.520,20260318,92315520,000009.SZ,433729,1,0,9.0,1000
2026-03-18 09:23:15.550,20260318,92315550,000009.SZ,433748,1,0,9.67,100
2026-03-18 09:23:20.260,20260318,92320260,000009.SZ,436047,2,0,9.42,1300
2026-03-18 09:23:23.720,20260318,92323720,000009.SZ,437664,1,0,9.09,300
2026-03-18 09:23:26.690,20260318,92326690,000009.SZ,439197,1,0,9.18,1000
2026-03-18 09:23:27.000,20260318,92327000,000009.SZ,439359,2,0,9.65,3000
2026-03-18 09:23:28.740,20260318,92328740,000009.SZ,440317,1,0,9.21,2400
2026-03-18 09:23:30.130,20260318,92330130,000009.SZ,441074,2,0,9.35,16000
2026-03-18 09:23:30.390,20260318,92330390,000009.SZ,441209,2,0,10.13,2000
2026-03-18 09:23:30.520,20260318,92330520,000009.SZ,441272,2,0,9.21,200
2026-03-18 09:23:31.010,20260318,92331010,000009.SZ,441548,1,0,8.9,23300
2026-03-18 09:23:32.470,20260318,92332470,000009.SZ,442340,1,0,9.21,1000
2026-03-18 09:23:33.890,20260318,92333890,000009.SZ,443095,2,0,9.4,1000
2026-03-18 09:23:36.170,20260318,92336170,000009.SZ,444318,1,0,9.66,100
2026-03-18 09:23:36.900,20260318,92336900,000009.SZ,444727,2,0,9.4,10000
2026-03-18 09:23:38.390,20260318,92338390,000009.SZ,445522,1,0,9.21,800
2026-03-18 09:23:40.450,20260318,92340450,000009.SZ,446649,2,0,9.76,2000
2026-03-18 09:23:41.630,20260318,92341630,000009.SZ,447238,2,0,9.6,2000
2026-03-18 09:23:42.070,20260318,92342070,000009.SZ,447480,2,0,10.13,500
2026-03-18 09:23:42.850,20260318,92342850,000009.SZ,447915,2,0,9.45,10000
2026-03-18 09:23:43.060,20260318,92343060,000009.SZ,448021,1,0,9.67,900
2026-03-18 09:23:44.270,20260318,92344270,000009.SZ,448748,2,0,10.13,5000
2026-03-18 09:23:47.780,20260318,92347780,000009.SZ,450778,2,0,9.5,10000
2026-03-18 09:23:48.890,20260318,92348890,000009.SZ,451409,1,0,9.18,5000
2026-03-18 09:23:49.360,20260318,92349360,000009.SZ,451666,1,0,9.21,400
2026-03-18 09:23:51.810,20260318,92351810,000009.SZ,452980,2,0,9.38,1000
2026-03-18 09:23:52.650,20260318,92352650,000009.SZ,453453,1,0,9.67,200
2026-03-18 09:23:52.750,20260318,92352750,000009.SZ,453510,2,0,9.55,10000
2026-03-18 09:23:56.860,20260318,92356860,000009.SZ,455911,1,0,9.21,1300
2026-03-18 09:23:56.970,20260318,92356970,000009.SZ,455975,1,0,9.1,2400
2026-03-18 09:23:58.120,20260318,92358120,000009.SZ,456565,2,0,9.96,1000
2026-03-18 09:23:59.740,20260318,92359740,000009.SZ,457456,1,0,8.8,1000
2026-03-18 09:24:00.040,20260318,92400040,000009.SZ,457664,1,0,9.67,100
2026-03-18 09:24:00.370,20260318,92400370,000009.SZ,458001,2,0,9.32,3000
2026-03-18 09:24:01.230,20260318,92401230,000009.SZ,458504,2,0,9.8,100
2026-03-18 09:24:01.250,20260318,92401250,000009.SZ,458514,2,0,9.48,1000
2026-03-18 09:24:01.520,20260318,92401520,000009.SZ,458681,2,0,9.31,4700
2026-03-18 09:24:02.630,20260318,92402630,000009.SZ,459398,1,0,9.0,20000
2026-03-18 09:24:02.810,20260318,92402810,000009.SZ,459525,1,0,9.21,100
2026-03-18 09:24:03.260,20260318,92403260,000009.SZ,459811,1,0,9.67,500
2026-03-18 09:24:03.440,20260318,92403440,000009.SZ,459928,2,0,9.28,1000
2026-03-18 09:24:07.700,20260318,92407700,000009.SZ,462787,1,0,9.19,1000
2026-03-18 09:24:08.300,20260318,92408300,000009.SZ,463202,2,0,9.21,3000
2026-03-18 09:24:08.770,20260318,92408770,000009.SZ,463511,2,0,9.58,1000
2026-03-18 09:24:09.740,20260318,92409740,000009.SZ,464177,2,0,9.96,800
2026-03-18 09:24:10.380,20260318,92410380,000009.SZ,464634,1,0,9.12,1000
2026-03-18 09:24:11.380,20260318,92411380,000009.SZ,465367,1,0,9.06,22000
2026-03-18 09:24:12.410,20260318,92412410,000009.SZ,466170,1,0,9.22,200
2026-03-18 09:24:14.450,20260318,92414450,000009.SZ,467778,1,0,9.21,4700
2026-03-18 09:24:15.730,20260318,92415730,000009.SZ,468749,2,0,9.68,1000
2026-03-18 09:24:16.760,20260318,92416760,000009.SZ,469531,2,0,10.13,700
2026-03-18 09:24:17.050,20260318,92417050,000009.SZ,469731,2,0,9.68,3600
2026-03-18 09:24:17.490,20260318,92417490,000009.SZ,470061,2,0,10.13,2000
2026-03-18 09:24:21.180,20260318,92421180,000009.SZ,473041,1,0,9.66,100
2026-03-18 09:24:22.820,20260318,92422820,000009.SZ,474363,2,0,9.75,2500
2026-03-18 09:24:23.330,20260318,92423330,000009.SZ,474752,2,0,9.78,1000
2026-03-18 09:24:25.330,20260318,92425330,000009.SZ,476435,1,0,9.18,2000
2026-03-18 09:24:25.790,20260318,92425790,000009.SZ,476837,1,0,9.21,200
2026-03-18 09:24:27.030,20260318,92427030,000009.SZ,477856,2,0,10.13,1000
2026-03-18 09:24:28.830,20260318,92428830,000009.SZ,479410,1,0,8.95,1000
2026-03-18 09:24:28.850,20260318,92428850,000009.SZ,479427,2,0,9.38,4300
2026-03-18 09:24:30.050,20260318,92430050,000009.SZ,480572,1,0,9.67,1200
2026-03-18 09:24:30.420,20260318,92430420,000009.SZ,480990,2,0,9.66,500
2026-03-18 09:24:30.990,20260318,92430990,000009.SZ,481561,2,0,9.88,1000
2026-03-18 09:24:31.270,20260318,92431270,000009.SZ,481840,2,0,9.55,1000
2026-03-18 09:24:31.320,20260318,92431320,000009.SZ,481880,2,0,9.85,2900
2026-03-18 09:24:38.570,20260318,92438570,000009.SZ,488543,1,0,8.86,1000
2026-03-18 09:24:38.830,20260318,92438830,000009.SZ,488842,1,0,9.0,200
2026-03-18 09:24:38.930,20260318,92438930,000009.SZ,488961,2,0,9.98,1000
2026-03-18 09:24:39.180,20260318,92439180,000009.SZ,489203,1,0,9.0,4000
2026-03-18 09:24:39.560,20260318,92439560,000009.SZ,489694,2,0,9.42,600
2026-03-18 09:24:40.450,20260318,92440450,000009.SZ,490583,1,0,9.67,100
2026-03-18 09:24:40.550,20260318,92440550,000009.SZ,490656,2,0,9.35,1200
2026-03-18 09:24:43.220,20260318,92443220,000009.SZ,493178,2,0,9.21,600
2026-03-18 09:24:44.120,20260318,92444120,000009.SZ,494153,2,0,9.21,100
2026-03-18 09:24:44.480,20260318,92444480,000009.SZ,494500,2,0,9.24,1100
2026-03-18 09:24:46.660,20260318,92446660,000009.SZ,496741,1,0,9.18,1300
2026-03-18 09:24:48.490,20260318,92448490,000009.SZ,498700,2,0,9.32,200
2026-03-18 09:24:48.580,20260318,92448580,000009.SZ,498791,2,0,9.03,300
2026-03-18 09:24:49.270,20260318,92449270,000009.SZ,499947,1,0,10.13,600
2026-03-18 09:24:49.900,20260318,92449900,000009.SZ,501025,2,0,9.18,2600
2026-03-18 09:24:50.800,20260318,92450800,000009.SZ,502582,1,0,9.49,600
2026-03-18 09:24:50.890,20260318,92450890,000009.SZ,502742,2,0,9.4,300
2026-03-18 09:24:51.070,20260318,92451070,000009.SZ,503015,2,0,9.03,600
2026-03-18 09:24:51.520,20260318,92451520,000009.SZ,503542,2,0,9.07,100
2026-03-18 09:24:51.830,20260318,92451830,000009.SZ,504018,1,0,10.13,600
2026-03-18 09:24:52.660,20260318,92452660,000009.SZ,505099,1,0,9.38,10500
2026-03-18 09:24:55.390,20260318,92455390,000009.SZ,510423,1,0,9.3,100
2026-03-18 09:24:55.400,20260318,92455400,000009.SZ,510444,2,0,10.08,1000
2026-03-18 09:24:55.660,20260318,92455660,000009.SZ,511025,1,0,9.3,100
2026-03-18 09:24:57.190,20260318,92457190,000009.SZ,514507,1,0,9.66,100
2026-03-18 09:24:57.190,20260318,92457190,000009.SZ,514528,1,0,9.21,100
2026-03-18 09:24:57.190,20260318,92457190,000009.SZ,514572,1,0,9.21,100
2026-03-18 09:24:57.190,20260318,92457190,000009.SZ,514584,1,0,9.27,400
2026-03-18 09:24:57.220,20260318,92457220,000009.SZ,514634,1,0,9.21,400
2026-03-18 09:24:58.060,20260318,92458060,000009.SZ,516611,1,0,9.21,10000
2026-03-18 09:24:58.360,20260318,92458360,000009.SZ,517545,1,0,9.26,2100
2026-03-18 09:24:58.560,20260318,92458560,000009.SZ,518424,2,0,8.38,700
2026-03-18 09:24:58.590,20260318,92458590,000009.SZ,518548,2,0,9.58,5000
2026-03-18 09:24:58.600,20260318,92458600,000009.SZ,518625,1,0,9.21,5200
2026-03-18 09:24:59.430,20260318,92459430,000009.SZ,521788,2,0,9.2,12400
2026-03-18 09:24:59.520,20260318,92459520,000009.SZ,522677,1,0,9.36,1500
2026-03-18 09:24:59.880,20260318,92459880,000009.SZ,525565,1,0,9.45,600
2026-03-18 09:24:59.940,20260318,92459940,000009.SZ,526219,1,0,9.22,28900
2026-03-18 09:24:59.970,20260318,92459970,000009.SZ,527012,1,0,9.49,18300
2026-03-18 09:24:59.990,20260318,92459990,000009.SZ,528089,1,0,9.39,600
2026-03-18 09:30:00.030,20260318,93000030,000009.SZ,616580,1,0,9.23,100
2026-03-18 09:30:00.030,20260318,93000030,000009.SZ,617050,1,0,9.23,600
2026-03-18 09:30:00.040,20260318,93000040,000009.SZ,620858,1,0,9.05,500
2026-03-18 09:30:00.040,20260318,93000040,000009.SZ,623198,2,0,9.5,1000
2026-03-18 09:30:00.040,20260318,93000040,000009.SZ,624360,1,0,9.24,100
2026-03-18 09:30:00.040,20260318,93000040,000009.SZ,624510,2,0,9.68,1800
2026-03-18 09:30:00.040,20260318,93000040,000009.SZ,624743,1,0,9.24,700
2026-03-18 09:30:00.050,20260318,93000050,000009.SZ,629467,2,0,9.55,200
2026-03-18 09:30:00.060,20260318,93000060,000009.SZ,632724,2,0,9.8,800
2026-03-18 09:30:00.060,20260318,93000060,000009.SZ,632740,1,0,9.18,2000
2026-03-18 09:30:00.060,20260318,93000060,000009.SZ,635126,2,0,9.35,2400
2026-03-18 09:30:00.060,20260318,93000060,000009.SZ,635645,1,0,8.9,1000
2026-03-18 09:30:00.060,20260318,93000060,000009.SZ,636637,1,0,9.24,12700
2026-03-18 09:30:00.060,20260318,93000060,000009.SZ,637694,2,0,10.11,3700
2026-03-18 09:30:00.060,20260318,93000060,000009.SZ,638117,1,0,9.15,500
2026-03-18 09:30:00.070,20260318,93000070,000009.SZ,638631,1,0,9.17,2600
2026-03-18 09:30:00.070,20260318,93000070,000009.SZ,639345,2,0,9.39,6000
2026-03-18 09:30:00.070,20260318,93000070,000009.SZ,643263,2,0,9.6,200
2026-03-18 09:30:00.080,20260318,93000080,000009.SZ,645273,1,0,9.18,500
2026-03-18 09:30:00.080,20260318,93000080,000009.SZ,647495,2,0,9.33,3000
2026-03-18 09:30:00.080,20260318,93000080,000009.SZ,648162,1,0,9.17,1000
2026-03-18 09:30:00.080,20260318,93000080,000009.SZ,648591,2,0,9.52,10000
2026-03-18 09:30:00.080,20260318,93000080,000009.SZ,649140,2,0,9.68,3000
2026-03-18 09:30:00.090,20260318,93000090,000009.SZ,651638,2,0,10.12,2900
2026-03-18 09:30:00.090,20260318,93000090,000009.SZ,653622,2,0,10.13,9500
2026-03-18 09:30:00.090,20260318,93000090,000009.SZ,653627,2,0,9.95,2000
2026-03-18 09:30:00.090,20260318,93000090,000009.SZ,655828,2,0,9.33,1000
2026-03-18 09:30:00.090,20260318,93000090,000009.SZ,655937,2,0,9.5,200
2026-03-18 09:30:00.090,20260318,93000090,000009.SZ,656315,1,0,9.0,9100
2026-03-18 09:30:00.090,20260318,93000090,000009.SZ,656883,2,0,9.46,1300
2026-03-18 09:30:00.100,20260318,93000100,000009.SZ,657621,2,0,9.73,10000
2026-03-18 09:30:00.100,20260318,93000100,000009.SZ,662752,1,0,9.16,50000
2026-03-18 09:30:00.100,20260318,93000100,000009.SZ,663510,1,0,9.22,1300
2026-03-18 09:30:00.110,20260318,93000110,000009.SZ,663782,1,0,9.13,50000
2026-03-18 09:30:00.110,20260318,93000110,000009.SZ,666377,2,0,9.68,5000
2026-03-18 09:30:00.110,20260318,93000110,000009.SZ,666775,1,0,9.0,1500
2026-03-18 09:30:00.110,20260318,93000110,000009.SZ,667064,2,0,9.78,5000
2026-03-18 09:30:00.110,20260318,93000110,000009.SZ,667448,2,0,9.88,5000
2026-03-18 09:30:00.110,20260318,93000110,000009.SZ,668273,1,0,9.19,3000
2026-03-18 09:30:00.130,20260318,93000130,000009.SZ,680487,2,0,10.13,85500
2026-03-18 09:30:00.130,20260318,93000130,000009.SZ,680912,2,0,9.5,2400
2026-03-18 09:30:00.140,20260318,93000140,000009.SZ,682842,2,0,9.98,5000
2026-03-18 09:30:00.140,20260318,93000140,000009.SZ,683969,2,0,10.08,5000
2026-03-18 09:30:00.140,20260318,93000140,000009.SZ,683997,1,0,9.22,500
2026-03-18 09:30:00.150,20260318,93000150,000009.SZ,691990,2,0,9.6,3000
2026-03-18 09:30:00.160,20260318,93000160,000009.SZ,696693,2,0,9.23,300
2026-03-18 09:30:00.160,20260318,93000160,000009.SZ,698704,2,0,10.13,5000
2026-03-18 09:30:00.160,20260318,93000160,000009.SZ,699368,1,0,9.2,5000
2026-03-18 09:30:00.160,20260318,93000160,000009.SZ,699436,2,0,9.72,1600
2026-03-18 09:30:00.160,20260318,93000160,000009.SZ,700911,2,0,9.92,2000
2026-03-18 09:30:00.170,20260318,93000170,000009.SZ,702864,2,0,9.52,600
2026-03-18 09:30:00.170,20260318,93000170,000009.SZ,706433,2,0,9.28,3400
2026-03-18 09:30:00.180,20260318,93000180,000009.SZ,710567,2,0,9.69,600
2026-03-18 09:30:00.190,20260318,93000190,000009.SZ,712762,2,0,9.45,2100
2026-03-18 09:30:00.190,20260318,93000190,000009.SZ,713324,1,0,9.23,4600
2026-03-18 09:30:00.190,20260318,93000190,000009.SZ,714949,1,0,8.9,1500
2026-03-18 09:30:00.190,20260318,93000190,000009.SZ,715440,1,0,9.22,2000
2026-03-18 09:30:00.190,20260318,93000190,000009.SZ,715479,1,0,9.23,400
2026-03-18 09:30:00.190,20260318,93000190,000009.SZ,716510,1,0,9.25,600
2026-03-18 09:30:00.200,20260318,93000200,000009.SZ,717405,2,0,9.6,3300
2026-03-18 09:30:00.200,20260318,93000200,000009.SZ,717800,1,0,9.24,400
2026-03-18 09:30:00.200,20260318,93000200,000009.SZ,718396,1,0,9.2,300
2026-03-18 09:30:00.200,20260318,93000200,000009.SZ,719291,1,0,9.11,1000
2026-03-18 09:30:00.200,20260318,93000200,000009.SZ,719360,2,0,9.29,1000
2026-03-18 09:30:00.200,20260318,93000200,000009.SZ,719590,2,0,9.94,1000
2026-03-18 09:30:00.200,20260318,93000200,000009.SZ,719809,1,0,9.23,800
2026-03-18 09:30:00.200,20260318,93000200,000009.SZ,719936,2,0,9.33,400
2026-03-18 09:30:00.220,20260318,93000220,000009.SZ,726076,1,0,9.22,700
2026-03-18 09:30:00.220,20260318,93000220,000009.SZ,726630,2,0,9.68,5000
2026-03-18 09:30:00.220,20260318,93000220,000009.SZ,727286,1,0,9.15,800
2026-03-18 09:30:00.230,20260318,93000230,000009.SZ,731811,2,0,9.22,1800
2026-03-18 09:30:00.230,20260318,93000230,000009.SZ,732419,2,0,9.39,2000
2026-03-18 09:30:00.230,20260318,93000230,000009.SZ,732872,2,0,9.87,100
2026-03-18 09:30:00.240,20260318,93000240,000009.SZ,734912,2,0,9.96,2000
2026-03-18 09:30:00.240,20260318,93000240,000009.SZ,735065,2,0,9.51,2000
2026-03-18 09:30:00.250,20260318,93000250,000009.SZ,737959,2,0,10.12,8000
2026-03-18 09:30:00.250,20260318,93000250,000009.SZ,738430,2,0,9.99,1600
2026-03-18 09:30:00.250,20260318,93000250,000009.SZ,739384,2,0,9.5,200
2026-03-18 09:30:00.250,20260318,93000250,000009.SZ,739508,1,0,9.01,50000
2026-03-18 09:30:00.250,20260318,93000250,000009.SZ,739829,2,0,9.37,1200
2026-03-18 09:30:00.250,20260318,93000250,000009.SZ,739882,2,0,10.1,18800
2026-03-18 09:30:00.260,20260318,93000260,000009.SZ,742459,2,0,9.33,3000
2026-03-18 09:30:00.260,20260318,93000260,000009.SZ,742603,1,0,9.16,400
2026-03-18 09:30:00.260,20260318,93000260,000009.SZ,744024,1,0,9.18,1500
2026-03-18 09:30:00.260,20260318,93000260,000009.SZ,744703,2,0,9.41,2700
2026-03-18 09:30:00.260,20260318,93000260,000009.SZ,744760,2,0,10.1,20000
2026-03-18 09:30:00.260,20260318,93000260,000009.SZ,745938,2,0,9.42,2700
2026-03-18 09:30:00.260,20260318,93000260,000009.SZ,746204,2,0,9.43,2700
2026-03-18 09:30:00.260,20260318,93000260,000009.SZ,746317,2,0,9.44,2700
2026-03-18 09:30:00.260,20260318,93000260,000009.SZ,746391,2,0,9.45,2700
2026-03-18 09:30:00.270,20260318,93000270,000009.SZ,746488,2,0,9.35,1000
2026-03-18 09:30:00.270,20260318,93000270,000009.SZ,746862,2,0,9.24,100
2026-03-18 09:30:00.270,20260318,93000270,000009.SZ,747057,1,0,9.21,1100
2026-03-18 09:30:00.270,20260318,93000270,000009.SZ,748322,2,0,9.44,1500
2026-03-18 09:30:00.270,20260318,93000270,000009.SZ,750383,1,0,9.1,1000
2026-03-18 09:30:00.290,20260318,93000290,000009.SZ,754636,2,0,9.33,1100
2026-03-18 09:30:00.290,20260318,93000290,000009.SZ,755040,1,0,9.02,3000
2026-03-18 09:30:00.290,20260318,93000290,000009.SZ,756134,1,0,9.21,5200
2026-03-18 09:30:00.300,20260318,93000300,000009.SZ,757721,2,0,9.5,100
2026-03-18 09:30:00.300,20260318,93000300,000009.SZ,759769,1,0,9.2,10000
2026-03-18 09:30:00.310,20260318,93000310,000009.SZ,760341,1,0,9.21,500
2026-03-18 09:30:00.310,20260318,93000310,000009.SZ,761160,2,0,9.58,2000
2026-03-18 09:30:00.310,20260318,93000310,000009.SZ,762211,1,0,9.23,100
2026-03-18 09:30:00.310,20260318,93000310,000009.SZ,762743,1,0,9.22,300
2026-03-18 09:30:00.320,20260318,93000320,000009.SZ,764850,2,0,9.4,30000
2026-03-18 09:30:00.320,20260318,93000320,000009.SZ,764913,1,0,9.1,10600
2026-03-18 09:30:00.320,20260318,93000320,000009.SZ,766139,2,0,9.95,4300
2026-03-18 09:30:00.320,20260318,93000320,000009.SZ,766503,1,0,9.19,900
2026-03-18 09:30:00.330,20260318,93000330,000009.SZ,768177,2,0,9.35,700
2026-03-18 09:30:00.340,20260318,93000340,000009.SZ,771061,2,0,9.5,1000
2026-03-18 09:30:00.340,20260318,93000340,000009.SZ,771811,2,0,9.33,1000
2026-03-18 09:30:00.360,20260318,93000360,000009.SZ,776039,2,0,9.88,3400
2026-03-18 09:30:00.360,20260318,93000360,000009.SZ,776462,2,0,9.22,1000
2026-03-18 09:30:00.370,20260318,93000370,000009.SZ,777926,2,0,9.3,500
2026-03-18 09:30:00.370,20260318,93000370,000009.SZ,778481,2,0,9.5,10000
2026-03-18 09:30:00.380,20260318,93000380,000009.SZ,778965,2,0,9.4,500
2026-03-18 09:30:00.380,20260318,93000380,000009.SZ,780174,1,0,9.19,200
2026-03-18 09:30:00.390,20260318,93000390,000009.SZ,780513,2,0,9.5,100
2026-03-18 09:30:00.390,20260318,93000390,000009.SZ,780773,1,0,9.23,1000
2026-03-18 09:30:00.390,20260318,93000390,000009.SZ,780788,1,0,8.5,500
2026-03-18 09:30:00.390,20260318,93000390,000009.SZ,781239,2,0,10.1,1000
2026-03-18 09:30:00.410,20260318,93000410,000009.SZ,784729,2,0,9.83,2000
2026-03-18 09:30:00.430,20260318,93000430,000009.SZ,787347,2,0,9.42,4100
2026-03-18 09:30:00.430,20260318,93000430,000009.SZ,788679,2,0,9.38,400
2026-03-18 09:30:00.440,20260318,93000440,000009.SZ,789105,2,0,9.24,400
2026-03-18 09:30:00.440,20260318,93000440,000009.SZ,789153,2,0,9.66,400
2026-03-18 09:30:00.440,20260318,93000440,000009.SZ,790018,1,0,8.88,200
2026-03-18 09:30:00.440,20260318,93000440,000009.SZ,790411,2,0,9.3,500
2026-03-18 09:30:00.460,20260318,93000460,000009.SZ,792713,2,0,9.8,500
2026-03-18 09:30:00.460,20260318,93000460,000009.SZ,793372,1,0,8.3,10000
2026-03-18 09:30:00.460,20260318,93000460,000009.SZ,793810,2,0,9.24,2800
2026-03-18 09:30:00.470,20260318,93000470,000009.SZ,794044,2,0,9.23,500
2026-03-18 09:30:00.470,20260318,93000470,000009.SZ,794151,2,0,9.24,300
2026-03-18 09:30:00.470,20260318,93000470,000009.SZ,794164,2,0,9.23,1400
2026-03-18 09:30:00.470,20260318,93000470,000009.SZ,794168,2,0,9.24,400
2026-03-18 09:30:00.470,20260318,93000470,000009.SZ,794172,2,0,9.24,200
2026-03-18 09:30:00.470,20260318,93000470,000009.SZ,794175,2,0,9.23,800
2026-03-18 09:30:00.470,20260318,93000470,000009.SZ,794183,2,0,9.24,200
2026-03-18 09:30:00.470,20260318,93000470,000009.SZ,795166,2,0,9.23,200
2026-03-18 09:30:00.470,20260318,93000470,000009.SZ,795190,2,0,9.23,200
2026-03-18 09:30:00.480,20260318,93000480,000009.SZ,796145,2,0,9.23,200
2026-03-18 09:30:00.480,20260318,93000480,000009.SZ,796582,1,0,9.22,1000
2026-03-18 09:30:00.480,20260318,93000480,000009.SZ,796730,1,0,9.22,1200
2026-03-18 09:30:00.490,20260318,93000490,000009.SZ,799029,2,0,9.24,100
2026-03-18 09:30:00.490,20260318,93000490,000009.SZ,799226,2,0,9.24,500
2026-03-18 09:30:00.490,20260318,93000490,000009.SZ,799386,1,0,9.23,300
2026-03-18 09:30:00.490,20260318,93000490,000009.SZ,799620,2,0,9.24,100
2026-03-18 09:30:00.490,20260318,93000490,000009.SZ,801524,1,0,9.2,2100
2026-03-18 09:30:00.510,20260318,93000510,000009.SZ,804860,1,0,9.2,500
2026-03-18 09:30:00.510,20260318,93000510,000009.SZ,805067,2,0,10.0,2000
2026-03-18 09:30:00.520,20260318,93000520,000009.SZ,807409,1,0,9.21,1000
2026-03-18 09:30:00.530,20260318,93000530,000009.SZ,808145,1,0,9.25,200
2026-03-18 09:30:00.540,20260318,93000540,000009.SZ,810507,1,0,9.22,500
2026-03-18 09:30:00.540,20260318,93000540,000009.SZ,810579,1,0,9.11,400
2026-03-18 09:30:00.540,20260318,93000540,000009.SZ,810677,1,0,9.0,3000
2026-03-18 09:30:00.540,20260318,93000540,000009.SZ,811284,2,0,9.83,600
2026-03-18 09:30:00.540,20260318,93000540,000009.SZ,811306,2,0,9.5,5300
2026-03-18 09:30:00.550,20260318,93000550,000009.SZ,813063,1,0,9.25,100
2026-03-18 09:30:00.550,20260318,93000550,000009.SZ,813070,1,0,9.22,300
2026-03-18 09:30:00.550,20260318,93000550,000009.SZ,813252,1,0,9.3,100
2026-03-18 09:30:00.550,20260318,93000550,000009.SZ,813933,2,0,9.35,500
2026-03-18 09:30:00.560,20260318,93000560,000009.SZ,816676,1,0,9.25,600
2026-03-18 09:30:00.570,20260318,93000570,000009.SZ,818810,2,0,10.13,600
2026-03-18 09:30:00.580,20260318,93000580,000009.SZ,821402,2,0,9.24,100
2026-03-18 09:30:00.590,20260318,93000590,000009.SZ,823177,1,0,9.25,500
2026-03-18 09:30:00.590,20260318,93000590,000009.SZ,823233,1,0,9.25,500
2026-03-18 09:30:00.600,20260318,93000600,000009.SZ,824526,1,0,9.25,300
2026-03-18 09:30:00.600,20260318,93000600,000009.SZ,824547,2,0,9.8,1000
2026-03-18 09:30:00.600,20260318,93000600,000009.SZ,825689,2,0,10.12,1000
2026-03-18 09:30:00.610,20260318,93000610,000009.SZ,826853,2,0,10.1,1000
2026-03-18 09:30:00.610,20260318,93000610,000009.SZ,827587,1,0,9.03,500
2026-03-18 09:30:00.610,20260318,93000610,000009.SZ,827849,2,0,10.0,1000
2026-03-18 09:30:00.620,20260318,93000620,000009.SZ,828723,2,0,9.9,1100
2026-03-18 09:30:00.620,20260318,93000620,000009.SZ,829433,2,0,9.8,1000
2026-03-18 09:30:00.620,20260318,93000620,000009.SZ,829591,2,0,9.9,1100
2026-03-18 09:30:00.620,20260318,93000620,000009.SZ,829953,1,0,9.25,400
2026-03-18 09:30:00.620,20260318,93000620,000009.SZ,830556,1,0,8.92,18000
2026-03-18 09:30:00.630,20260318,93000630,000009.SZ,831614,2,0,9.49,400
2026-03-18 09:30:00.630,20260318,93000630,000009.SZ,831633,2,0,9.7,1100
2026-03-18 09:30:00.640,20260318,93000640,000009.SZ,833513,2,0,9.48,1000
2026-03-18 09:30:00.640,20260318,93000640,000009.SZ,834988,2,0,10.13,1800
2026-03-18 09:30:00.650,20260318,93000650,000009.SZ,835369,1,0,9.23,1000
2026-03-18 09:30:00.670,20260318,93000670,000009.SZ,838641,2,0,9.22,100
2026-03-18 09:30:00.680,20260318,93000680,000009.SZ,841049,2,0,9.58,800
2026-03-18 09:30:00.680,20260318,93000680,000009.SZ,841576,2,0,9.22,4600
2026-03-18 09:30:00.690,20260318,93000690,000009.SZ,844367,1,0,8.98,1000
2026-03-18 09:30:00.710,20260318,93000710,000009.SZ,848175,1,0,9.18,1100
2026-03-18 09:30:00.720,20260318,93000720,000009.SZ,849973,1,0,9.2,100
2026-03-18 09:30:00.720,20260318,93000720,000009.SZ,850664,2,0,9.3,1000
2026-03-18 09:30:00.730,20260318,93000730,000009.SZ,851386,2,0,9.45,2000
2026-03-18 09:30:00.730,20260318,93000730,000009.SZ,852160,2,0,9.4,1000
2026-03-18 09:30:00.730,20260318,93000730,000009.SZ,852517,2,0,9.35,1000
2026-03-18 09:30:00.730,20260318,93000730,000009.SZ,852570,2,0,9.4,1000
2026-03-18 09:30:00.730,20260318,93000730,000009.SZ,852756,1,0,9.23,2000
2026-03-18 09:30:00.740,20260318,93000740,000009.SZ,853193,2,0,9.5,2000
2026-03-18 09:30:00.740,20260318,93000740,000009.SZ,853210,2,0,9.8,2800
2026-03-18 09:30:00.750,20260318,93000750,000009.SZ,854968,1,0,9.22,1000
2026-03-18 09:30:00.760,20260318,93000760,000009.SZ,856927,1,0,9.08,200
2026-03-18 09:30:00.760,20260318,93000760,000009.SZ,857263,1,0,9.23,500
2026-03-18 09:30:00.780,20260318,93000780,000009.SZ,860683,1,0,9.27,1000
2026-03-18 09:30:00.790,20260318,93000790,000009.SZ,861904,2,0,9.63,3000
2026-03-18 09:30:00.800,20260318,93000800,000009.SZ,862752,2,0,9.23,1100
2026-03-18 09:30:00.800,20260318,93000800,000009.SZ,863326,2,0,10.12,3000
2026-03-18 09:30:00.820,20260318,93000820,000009.SZ,865495,1,0,9.23,20000
2026-03-18 09:30:00.820,20260318,93000820,000009.SZ,866117,2,0,9.88,400
2026-03-18 09:30:00.820,20260318,93000820,000009.SZ,866182,2,0,9.38,200
2026-03-18 09:30:00.830,20260318,93000830,000009.SZ,866574,2,0,9.68,500
2026-03-18 09:30:00.830,20260318,93000830,000009.SZ,866994,2,0,9.5,300
2026-03-18 09:30:00.830,20260318,93000830,000009.SZ,867040,2,0,9.8,300
2026-03-18 09:30:00.830,20260318,93000830,000009.SZ,867088,2,0,9.99,300
2026-03-18 09:30:00.840,20260318,93000840,000009.SZ,868892,1,0,9.18,100
2026-03-18 09:30:00.860,20260318,93000860,000009.SZ,870525,2,0,9.5,500
2026-03-18 09:30:00.870,20260318,93000870,000009.SZ,872038,2,0,9.25,7200
2026-03-18 09:30:00.900,20260318,93000900,000009.SZ,875620,2,0,9.7,11600
2026-03-18 09:30:00.910,20260318,93000910,000009.SZ,876398,2,0,9.68,1900
2026-03-18 09:30:00.910,20260318,93000910,000009.SZ,877406,2,0,9.27,500
2026-03-18 09:30:00.910,20260318,93000910,000009.SZ,877416,2,0,10.0,500
2026-03-18 09:30:00.920,20260318,93000920,000009.SZ,877883,2,0,9.65,200
2026-03-18 09:30:00.930,20260318,93000930,000009.SZ,879946,2,0,9.36,10000
2026-03-18 09:30:00.940,20260318,93000940,000009.SZ,880165,1,0,9.19,400
2026-03-18 09:30:00.940,20260318,93000940,000009.SZ,880916,1,0,9.1,1000
2026-03-18 09:30:00.950,20260318,93000950,000009.SZ,881754,2,0,9.66,800
2026-03-18 09:30:00.970,20260318,93000970,000009.SZ,884605,1,0,9.22,200
2026-03-18 09:30:00.970,20260318,93000970,000009.SZ,884670,2,0,9.46,2700
2026-03-18 09:30:00.990,20260318,93000990,000009.SZ,887584,2,0,9.98,500
2026-03-18 09:30:00.990,20260318,93000990,000009.SZ,887633,2,0,10.03,2800
2026-03-18 09:30:00.990,20260318,93000990,000009.SZ,887698,2,0,9.3,500
2026-03-18 09:30:01.000,20260318,93001000,000009.SZ,888203,2,0,9.47,2700
2026-03-18 09:30:01.000,20260318,93001000,000009.SZ,888453,2,0,9.48,2700
2026-03-18 09:30:01.000,20260318,93001000,000009.SZ,888483,2,0,9.49,2700
2026-03-18 09:30:01.020,20260318,93001020,000009.SZ,890680,2,0,9.5,1000
2026-03-18 09:30:01.020,20260318,93001020,000009.SZ,891338,2,0,9.48,1000
2026-03-18 09:30:01.020,20260318,93001020,000009.SZ,891521,1,0,9.24,1900
2026-03-18 09:30:01.030,20260318,93001030,000009.SZ,891644,2,0,9.5,2700
2026-03-18 09:30:01.030,20260318,93001030,000009.SZ,891696,2,0,9.51,3200
2026-03-18 09:30:01.030,20260318,93001030,000009.SZ,891984,1,0,9.0,100000
2026-03-18 09:30:01.030,20260318,93001030,000009.SZ,892150,1,0,8.9,50000
2026-03-18 09:30:01.030,20260318,93001030,000009.SZ,892481,1,0,8.8,50000
2026-03-18 09:30:01.080,20260318,93001080,000009.SZ,897278,2,0,9.2,500
2026-03-18 09:30:01.080,20260318,93001080,000009.SZ,897592,1,0,9.23,100
2026-03-18 09:30:01.090,20260318,93001090,000009.SZ,899275,1,0,9.23,200
2026-03-18 09:30:01.100,20260318,93001100,000009.SZ,899996,2,0,9.52,3878
2026-03-18 09:30:01.100,20260318,93001100,000009.SZ,901064,2,0,9.66,5000
2026-03-18 09:30:01.100,20260318,93001100,000009.SZ,901073,2,0,10.13,200
2026-03-18 09:30:01.110,20260318,93001110,000009.SZ,902224,2,0,9.46,800
2026-03-18 09:30:01.130,20260318,93001130,000009.SZ,904176,1,0,9.2,20000
2026-03-18 09:30:01.140,20260318,93001140,000009.SZ,905396,1,0,9.23,300
2026-03-18 09:30:01.140,20260318,93001140,000009.SZ,906250,1,0,9.1,2500
2026-03-18 09:30:01.150,20260318,93001150,000009.SZ,906442,2,0,9.82,5000
2026-03-18 09:30:01.150,20260318,93001150,000009.SZ,907803,1,0,9.19,2000
2026-03-18 09:30:01.170,20260318,93001170,000009.SZ,909433,1,1,0.0,200
2026-03-18 09:30:01.180,20260318,93001180,000009.SZ,910579,1,1,0.0,200
2026-03-18 09:30:01.210,20260318,93001210,000009.SZ,913527,1,0,9.23,1000
2026-03-18 09:30:01.250,20260318,93001250,000009.SZ,917743,2,0,9.25,500
2026-03-18 09:30:01.250,20260318,93001250,000009.SZ,918162,2,0,9.62,700
2026-03-18 09:30:01.260,20260318,93001260,000009.SZ,918960,2,0,9.27,1100
2026-03-18 09:30:01.280,20260318,93001280,000009.SZ,920925,2,0,9.9,200
2026-03-18 09:30:01.280,20260318,93001280,000009.SZ,921079,2,0,10.13,6000
2026-03-18 09:30:01.290,20260318,93001290,000009.SZ,922629,2,0,9.7,400
2026-03-18 09:30:01.310,20260318,93001310,000009.SZ,924375,2,0,9.65,300
2026-03-18 09:30:01.320,20260318,93001320,000009.SZ,925495,1,0,9.1,30000
2026-03-18 09:30:01.340,20260318,93001340,000009.SZ,927269,1,0,9.18,5000
2026-03-18 09:30:01.370,20260318,93001370,000009.SZ,930094,2,0,10.13,3300
2026-03-18 09:30:01.390,20260318,93001390,000009.SZ,931411,1,1,0.0,400
2026-03-18 09:30:01.430,20260318,93001430,000009.SZ,933788,2,0,9.88,600
2026-03-18 09:30:01.460,20260318,93001460,000009.SZ,935879,2,0,9.57,1000
2026-03-18 09:30:01.470,20260318,93001470,000009.SZ,936502,1,0,9.25,400
2026-03-18 09:30:01.490,20260318,93001490,000009.SZ,938568,2,0,9.52,3200
2026-03-18 09:30:01.490,20260318,93001490,000009.SZ,938722,2,0,9.4,100
2026-03-18 09:30:01.490,20260318,93001490,000009.SZ,938860,2,0,9.23,1300
2026-03-18 09:30:01.490,20260318,93001490,000009.SZ,939087,2,0,9.99,800
2026-03-18 09:30:01.500,20260318,93001500,000009.SZ,939295,2,0,9.42,40000
2026-03-18 09:30:01.520,20260318,93001520,000009.SZ,942290,2,0,9.27,4400
2026-03-18 09:30:01.520,20260318,93001520,000009.SZ,942535,1,0,9.18,400
2026-03-18 09:30:01.560,20260318,93001560,000009.SZ,946556,1,0,9.22,500
2026-03-18 09:30:01.560,20260318,93001560,000009.SZ,947181,2,0,9.35,400
2026-03-18 09:30:01.600,20260318,93001600,000009.SZ,951176,1,0,9.2,5000
2026-03-18 09:30:01.620,20260318,93001620,000009.SZ,952843,2,0,9.37,7200
2026-03-18 09:30:01.630,20260318,93001630,000009.SZ,953609,2,0,9.22,200
2026-03-18 09:30:01.660,20260318,93001660,000009.SZ,956252,1,0,9.16,500
2026-03-18 09:30:01.660,20260318,93001660,000009.SZ,956262,1,0,9.06,500
2026-03-18 09:30:01.670,20260318,93001670,000009.SZ,956650,2,0,9.38,200
2026-03-18 09:30:01.670,20260318,93001670,000009.SZ,956833,1,0,9.24,1000
2026-03-18 09:30:01.670,20260318,93001670,000009.SZ,957425,2,0,10.12,100
2026-03-18 09:30:01.680,20260318,93001680,000009.SZ,958065,2,0,9.6,1000
2026-03-18 09:30:01.680,20260318,93001680,000009.SZ,958095,1,0,8.89,1000
2026-03-18 09:30:01.680,20260318,93001680,000009.SZ,958269,2,0,9.53,1000
2026-03-18 09:30:01.690,20260318,93001690,000009.SZ,959032,1,0,9.23,5000
2026-03-18 09:30:01.720,20260318,93001720,000009.SZ,962777,2,0,9.79,400
2026-03-18 09:30:01.750,20260318,93001750,000009.SZ,965866,1,0,9.22,2500
2026-03-18 09:30:01.760,20260318,93001760,000009.SZ,966739,2,0,9.5,3000
2026-03-18 09:30:01.800,20260318,93001800,000009.SZ,970401,1,0,9.24,700
2026-03-18 09:30:01.830,20260318,93001830,000009.SZ,972696,2,0,9.36,2000
2026-03-18 09:30:01.840,20260318,93001840,000009.SZ,973157,1,0,9.24,300
2026-03-18 09:30:01.880,20260318,93001880,000009.SZ,976405,2,0,9.78,2000
2026-03-18 09:30:01.890,20260318,93001890,000009.SZ,976592,2,0,9.22,2500
2026-03-18 09:30:01.920,20260318,93001920,000009.SZ,978942,2,0,9.32,5000
2026-03-18 09:30:01.960,20260318,93001960,000009.SZ,982012,2,0,9.35,2000
2026-03-18 09:30:01.970,20260318,93001970,000009.SZ,982599,2,0,9.45,5000
2026-03-18 09:30:01.970,20260318,93001970,000009.SZ,982723,2,0,9.3,50000
2026-03-18 09:30:01.990,20260318,93001990,000009.SZ,985033,2,0,9.6,400
2026-03-18 09:30:02.000,20260318,93002000,000009.SZ,985207,2,0,10.13,2000
2026-03-18 09:30:02.020,20260318,93002020,000009.SZ,988060,1,0,9.16,4900
2026-03-18 09:30:02.030,20260318,93002030,000009.SZ,988561,2,0,9.94,6900
2026-03-18 09:30:02.040,20260318,93002040,000009.SZ,989680,1,0,9.23,500
2026-03-18 09:30:02.040,20260318,93002040,000009.SZ,989982,1,0,9.15,800
2026-03-18 09:30:02.050,20260318,93002050,000009.SZ,990073,1,0,9.01,800
2026-03-18 09:30:02.060,20260318,93002060,000009.SZ,991013,1,0,9.23,200
2026-03-18 09:30:02.060,20260318,93002060,000009.SZ,991636,2,0,9.48,2000
2026-03-18 09:30:02.070,20260318,93002070,000009.SZ,992671,2,0,10.0,700
2026-03-18 09:30:02.080,20260318,93002080,000009.SZ,993822,2,0,9.47,2000
2026-03-18 09:30:02.090,20260318,93002090,000009.SZ,995122,1,0,9.2,1700
2026-03-18 09:30:02.110,20260318,93002110,000009.SZ,997193,2,0,9.4,1700
2026-03-18 09:30:02.110,20260318,93002110,000009.SZ,997195,2,0,9.39,1700
2026-03-18 09:30:02.160,20260318,93002160,000009.SZ,1002816,1,0,9.24,300
2026-03-18 09:30:02.210,20260318,93002210,000009.SZ,1006675,1,0,8.85,2000
2026-03-18 09:30:02.220,20260318,93002220,000009.SZ,1008212,2,0,10.13,900
2026-03-18 09:30:02.250,20260318,93002250,000009.SZ,1010175,1,0,9.19,1000
2026-03-18 09:30:02.300,20260318,93002300,000009.SZ,1014600,1,0,9.08,500
2026-03-18 09:30:02.310,20260318,93002310,000009.SZ,1015747,1,0,8.8,2000
2026-03-18 09:30:02.330,20260318,93002330,000009.SZ,1017460,2,0,10.1,10000
2026-03-18 09:30:02.340,20260318,93002340,000009.SZ,1017696,2,0,9.48,5500
2026-03-18 09:30:02.340,20260318,93002340,000009.SZ,1018171,1,0,9.15,500
2026-03-18 09:30:02.350,20260318,93002350,000009.SZ,1018582,1,0,9.15,500
2026-03-18 09:30:02.370,20260318,93002370,000009.SZ,1019983,1,0,9.25,200
2026-03-18 09:30:02.380,20260318,93002380,000009.SZ,1020333,1,0,9.23,2000
2026-03-18 09:30:02.380,20260318,93002380,000009.SZ,1020659,1,0,9.24,800
2026-03-18 09:30:02.410,20260318,93002410,000009.SZ,1021833,1,0,9.23,4000
2026-03-18 09:30:02.410,20260318,93002410,000009.SZ,1021925,2,0,9.73,13600
2026-03-18 09:30:02.430,20260318,93002430,000009.SZ,1023223,1,0,9.15,500
2026-03-18 09:30:02.440,20260318,93002440,000009.SZ,1023789,2,0,9.67,100000
2026-03-18 09:30:02.470,20260318,93002470,000009.SZ,1025817,2,0,9.33,20000
2026-03-18 09:30:02.480,20260318,93002480,000009.SZ,1026446,2,0,9.63,1500
2026-03-18 09:30:02.480,20260318,93002480,000009.SZ,1026861,1,0,9.21,2000
2026-03-18 09:30:02.500,20260318,93002500,000009.SZ,1028431,2,0,9.23,100
2026-03-18 09:30:02.500,20260318,93002500,000009.SZ,1028474,1,0,9.25,3900
2026-03-18 09:30:02.500,20260318,93002500,000009.SZ,1028611,1,0,9.23,400
2026-03-18 09:30:02.500,20260318,93002500,000009.SZ,1028729,1,0,9.22,1100
2026-03-18 09:30:02.520,20260318,93002520,000009.SZ,1029811,2,0,9.52,400
2026-03-18 09:30:02.530,20260318,93002530,000009.SZ,1031051,2,0,9.98,500
2026-03-18 09:30:02.550,20260318,93002550,000009.SZ,1032614,1,0,9.18,10000
2026-03-18 09:30:02.550,20260318,93002550,000009.SZ,1032704,2,0,9.52,4400
2026-03-18 09:30:02.560,20260318,93002560,000009.SZ,1032900,2,0,9.6,200
2026-03-18 09:30:02.560,20260318,93002560,000009.SZ,1033290,2,0,10.13,5000
2026-03-18 09:30:02.560,20260318,93002560,000009.SZ,1033427,1,0,9.19,1900
2026-03-18 09:30:02.580,20260318,93002580,000009.SZ,1034414,1,0,9.19,700
2026-03-18 09:30:02.670,20260318,93002670,000009.SZ,1040564,1,0,9.22,500
2026-03-18 09:30:02.670,20260318,93002670,000009.SZ,1040731,1,0,9.18,500
2026-03-18 09:30:02.690,20260318,93002690,000009.SZ,1042120,2,0,10.1,2000
2026-03-18 09:30:02.700,20260318,93002700,000009.SZ,1043130,2,0,9.5,2000
2026-03-18 09:30:02.720,20260318,93002720,000009.SZ,1044849,1,0,9.23,2400
2026-03-18 09:30:02.730,20260318,93002730,000009.SZ,1046307,1,0,9.25,100
2026-03-18 09:30:02.750,20260318,93002750,000009.SZ,1047431,1,0,9.15,700
2026-03-18 09:30:02.750,20260318,93002750,000009.SZ,1047868,1,0,9.18,500
2026-03-18 09:30:02.790,20260318,93002790,000009.SZ,1050156,2,0,9.3,1100
2026-03-18 09:30:02.790,20260318,93002790,000009.SZ,1050572,2,0,9.52,200
2026-03-18 09:30:02.810,20260318,93002810,000009.SZ,1051593,2,0,9.27,1200
2026-03-18 09:30:02.840,20260318,93002840,000009.SZ,1053947,1,0,9.23,5000
2026-03-18 09:30:02.840,20260318,93002840,000009.SZ,1054170,1,0,9.2,1000
2026-03-18 09:30:02.860,20260318,93002860,000009.SZ,1054944,2,0,10.12,600
2026-03-18 09:30:02.880,20260318,93002880,000009.SZ,1056097,2,0,9.6,3500
2026-03-18 09:30:02.940,20260318,93002940,000009.SZ,1059358,1,0,9.2,1000
2026-03-18 09:30:02.980,20260318,93002980,000009.SZ,1061576,2,0,9.48,600
2026-03-18 09:30:02.990,20260318,93002990,000009.SZ,1062055,2,0,9.23,200
2026-03-18 09:30:03.030,20260318,93003030,000009.SZ,1064485,2,0,9.25,100
2026-03-18 09:30:03.030,20260318,93003030,000009.SZ,1064492,1,0,9.24,100
2026-03-18 09:30:03.070,20260318,93003070,000009.SZ,1067582,1,0,9.07,1000
2026-03-18 09:30:03.080,20260318,93003080,000009.SZ,1068377,1,0,9.18,1300
2026-03-18 09:30:03.100,20260318,93003100,000009.SZ,1069182,1,0,9.23,3000
2026-03-18 09:30:03.100,20260318,93003100,000009.SZ,1069207,1,0,9.18,2000
2026-03-18 09:30:03.100,20260318,93003100,000009.SZ,1069224,2,0,9.48,200
2026-03-18 09:30:03.100,20260318,93003100,000009.SZ,1069628,1,0,9.12,10000
2026-03-18 09:30:03.110,20260318,93003110,000009.SZ,1069801,2,0,10.1,500
2026-03-18 09:30:03.110,20260318,93003110,000009.SZ,1070373,2,0,9.25,300
2026-03-18 09:30:03.120,20260318,93003120,000009.SZ,1070772,2,0,9.23,200
2026-03-18 09:30:03.120,20260318,93003120,000009.SZ,1070786,2,0,9.23,300
2026-03-18 09:30:03.120,20260318,93003120,000009.SZ,1070794,2,0,9.23,300
2026-03-18 09:30:03.120,20260318,93003120,000009.SZ,1070796,2,0,9.23,200
2026-03-18 09:30:03.120,20260318,93003120,000009.SZ,1070808,2,0,9.23,300
2026-03-18 09:30:03.120,20260318,93003120,000009.SZ,1070810,2,0,9.23,300
2026-03-18 09:30:03.120,20260318,93003120,000009.SZ,1070812,2,0,9.23,200
2026-03-18 09:30:03.150,20260318,93003150,000009.SZ,1072809,2,1,0.0,600
2026-03-18 09:30:03.170,20260318,93003170,000009.SZ,1073671,1,0,9.23,100
2026-03-18 09:30:03.170,20260318,93003170,000009.SZ,1073834,1,0,8.85,30000
2026-03-18 09:30:03.190,20260318,93003190,000009.SZ,1074743,2,0,9.43,10000
2026-03-18 09:30:03.210,20260318,93003210,000009.SZ,1076053,1,0,9.2,300
2026-03-18 09:30:03.210,20260318,93003210,000009.SZ,1076378,1,0,9.24,100
2026-03-18 09:30:03.210,20260318,93003210,000009.SZ,1076416,1,0,9.3,400
2026-03-18 09:30:03.220,20260318,93003220,000009.SZ,1076531,1,0,9.23,500
2026-03-18 09:30:03.230,20260318,93003230,000009.SZ,1077410,2,0,9.29,2100
2026-03-18 09:30:03.240,20260318,93003240,000009.SZ,1078350,1,0,9.22,200
2026-03-18 09:30:03.250,20260318,93003250,000009.SZ,1078657,1,0,9.19,1000
2026-03-18 09:30:03.250,20260318,93003250,000009.SZ,1078956,2,0,9.65,200
2026-03-18 09:30:03.260,20260318,93003260,000009.SZ,1079622,2,0,9.66,500
2026-03-18 09:30:03.270,20260318,93003270,000009.SZ,1079993,2,0,9.66,3000
2026-03-18 09:30:03.290,20260318,93003290,000009.SZ,1081711,2,0,9.35,10000
2026-03-18 09:30:03.300,20260318,93003300,000009.SZ,1082418,2,0,9.35,200
2026-03-18 09:30:03.320,20260318,93003320,000009.SZ,1083305,1,0,8.96,500
2026-03-18 09:30:03.330,20260318,93003330,000009.SZ,1084468,1,0,9.22,300
2026-03-18 09:30:03.410,20260318,93003410,000009.SZ,1088595,2,0,9.29,200
2026-03-18 09:30:03.520,20260318,93003520,000009.SZ,1096286,1,0,9.21,2000
2026-03-18 09:30:03.530,20260318,93003530,000009.SZ,1097465,2,0,9.23,200
2026-03-18 09:30:03.530,20260318,93003530,000009.SZ,1097536,2,0,9.23,300
2026-03-18 09:30:03.540,20260318,93003540,000009.SZ,1098172,2,0,9.39,10000
2026-03-18 09:30:03.550,20260318,93003550,000009.SZ,1098920,2,0,9.24,2500
2026-03-18 09:30:03.600,20260318,93003600,000009.SZ,1101595,2,0,9.26,400
2026-03-18 09:30:03.640,20260318,93003640,000009.SZ,1104888,2,0,9.3,1000
2026-03-18 09:30:03.680,20260318,93003680,000009.SZ,1107220,2,0,9.25,600
2026-03-18 09:30:03.690,20260318,93003690,000009.SZ,1107826,1,0,9.19,100
2026-03-18 09:30:03.690,20260318,93003690,000009.SZ,1108151,1,0,9.22,2000
2026-03-18 09:30:03.700,20260318,93003700,000009.SZ,1108588,1,0,9.01,300
2026-03-18 09:30:03.750,20260318,93003750,000009.SZ,1111838,2,0,9.3,5400
2026-03-18 09:30:03.750,20260318,93003750,000009.SZ,1111913,2,0,9.69,1600
2026-03-18 09:30:03.760,20260318,93003760,000009.SZ,1112327,2,0,9.45,2000
2026-03-18 09:30:03.760,20260318,93003760,000009.SZ,1112740,2,0,9.23,100
2026-03-18 09:30:03.820,20260318,93003820,000009.SZ,1116431,2,0,9.69,1800
2026-03-18 09:30:03.840,20260318,93003840,000009.SZ,1117503,1,0,9.26,1500
2026-03-18 09:30:03.840,20260318,93003840,000009.SZ,1117505,1,0,9.27,1200
2026-03-18 09:30:03.850,20260318,93003850,000009.SZ,1117926,1,0,9.23,2000
2026-03-18 09:30:03.890,20260318,93003890,000009.SZ,1119042,2,0,9.52,2000
