timestamp,date,stamp,code,match_no,bs_flag,bid_order_no,ask_order_no,match_price,match_volume,match_amount
2026-03-31 09:16:28.190,20260331,91628190,000009.SZ,273965,-1,155175,0,0.0,1100,0.0
2026-03-31 09:16:32.030,20260331,91632030,000009.SZ,275081,-1,0,270905,0.0,200,0.0
2026-03-31 09:17:12.790,20260331,91712790,000009.SZ,288072,-1,0,285508,0.0,1200,0.0
2026-03-31 09:17:21.520,20260331,91721520,000009.SZ,291025,-1,176119,0,0.0,2500,0.0
2026-03-31 09:18:14.460,20260331,91814460,000009.SZ,309378,-1,0,306908,0.0,256800,0.0
2026-03-31 09:18:21.630,20260331,91821630,000009.SZ,312054,-1,278636,0,0.0,300,0.0
2026-03-31 09:18:30.730,20260331,91830730,000009.SZ,315505,-1,264530,0,0.0,4900,0.0
2026-03-31 09:18:44.410,20260331,91844410,000009.SZ,320746,-1,0,307448,0.0,500,0.0
2026-03-31 09:18:52.630,20260331,91852630,000009.SZ,324012,-1,207295,0,0.0,1000,0.0
2026-03-31 09:19:07.250,20260331,91907250,000009.SZ,329925,-1,255688,0,0.0,300,0.0
2026-03-31 09:19:31.630,20260331,91931630,000009.SZ,339902,-1,0,155629,0.0,2000,0.0
2026-03-31 09:19:59.870,20260331,91959870,000009.SZ,350963,-1,0,348118,0.0,1000,0.0
2026-03-31 09:25:00.000,20260331,92500000,000009.SZ,530096,1,518448,260203,9.0,200,1800.0
2026-03-31 09:25:00.000,20260331,92500000,000009.SZ,530097,1,518448,281384,9.0,200,1800.0
2026-03-31 09:25:00.000,20260331,92500000,000009.SZ,530098,1,518448,386038,9.0,200,1800.0
2026-03-31 09:25:00.000,20260331,92500000,000009.SZ,530099,2,117168,386038,9.0,1800,16200.0
2026-03-31 09:25:00.000,20260331,92500000,000009.SZ,530100,2,117168,517751,9.0,3200,28800.0
2026-03-31 09:25:00.000,20260331,92500000,000009.SZ,530101,2,382393,517751,9.0,500,4500.0
2026-03-31 09:25:00.000,20260331,92500000,000009.SZ,530102,2,505081,517751,9.0,2300,20700.0
2026-03-31 09:25:00.000,20260331,92500000,000009.SZ,530103,2,505725,517751,9.0,600,5400.0
2026-03-31 09:25:00.000,20260331,92500000,000009.SZ,530104,1,505725,159720,9.0,100,900.0
2026-03-31 09:25:00.000,20260331,92500000,000009.SZ,530105,1,505725,351105,9.0,100,900.0
2026-03-31 09:25:00.000,20260331,92500000,000009.SZ,530106,1,505725,351147,9.0,100,900.0
2026-03-31 09:25:00.000,20260331,92500000,000009.SZ,530107,1,505725,353043,9.0,100,900.0
2026-03-31 09:25:00.000,20260331,92500000,000009.SZ,530108,2,505725,505819,9.0,400,3600.0
2026-03-31 09:25:00.000,20260331,92500000,000009.SZ,530109,1,505725,478505,9.0,400,3600.0
2026-03-31 09:25:00.000,20260331,92500000,000009.SZ,530110,1,487735,478505,9.0,100,900.0
2026-03-31 09:25:00.000,20260331,92500000,000009.SZ,530111,2,10941,478505,9.0,200,1800.0
2026-03-31 09:25:00.000,20260331,92500000,000009.SZ,530112,2,155200,478505,9.0,100,900.0
2026-03-31 09:25:00.000,20260331,92500000,000009.SZ,530113,2,155200,218735,9.0,100,900.0
2026-03-31 09:25:00.000,20260331,92500000,000009.SZ,530114,2,155200,482237,9.0,100,900.0
2026-03-31 09:25:00.000,20260331,92500000,000009.SZ,530115,2,155200,501558,9.0,200,1800.0
2026-03-31 09:25:00.000,20260331,92500000,000009.SZ,530116,1,510459,501558,9.0,100,900.0
2026-03-31 09:25:00.000,20260331,92500000,000009.SZ,530117,1,510459,413666,9.0,2300,20700.0
2026-03-31 09:25:00.000,20260331,92500000,000009.SZ,530118,2,165796,413666,9.0,100,900.0
2026-03-31 09:25:00.000,20260331,92500000,000009.SZ,530119,2,369778,413666,9.0,100,900.0
2026-03-31 09:25:00.000,20260331,92500000,000009.SZ,530120,2,376367,413666,9.0,100,900.0
2026-03-31 09:25:00.000,20260331,92500000,000009.SZ,530121,1,413894,413666,9.0,2700,24300.0
2026-03-31 09:25:00.000,20260331,92500000,000009.SZ,530122,2,413894,518466,9.0,2200,19800.0
2026-03-31 09:25:00.000,20260331,92500000,000009.SZ,530123,2,413894,505265,9.0,100,900.0
2026-03-31 09:25:00.000,20260331,92500000,000009.SZ,530124,2,413894,505297,9.0,100,900.0
2026-03-31 09:25:00.000,20260331,92500000,000009.SZ,530125,2,413894,508688,9.0,900,8100.0
2026-03-31 09:25:00.000,20260331,92500000,000009.SZ,530126,2,426877,508688,9.0,3000,27000.0
2026-03-31 09:25:00.000,20260331,92500000,000009.SZ,530127,2,55950,508688,9.0,200,1800.0
2026-03-31 09:25:00.000,20260331,92500000,000009.SZ,530128,2,64673,508688,9.0,3700,33300.0
2026-03-31 09:25:00.000,20260331,92500000,000009.SZ,530129,2,64673,523776,9.0,1100,9900.0
2026-03-31 09:25:00.000,20260331,92500000,000009.SZ,530130,2,64673,483949,9.0,500,4500.0
2026-03-31 09:25:00.000,20260331,92500000,000009.SZ,530131,2,64673,498552,9.0,1500,13500.0
2026-03-31 09:25:00.000,20260331,92500000,000009.SZ,530132,2,64673,517544,9.0,28900,260100.0
2026-03-31 09:25:00.000,20260331,92500000,000009.SZ,530133,2,64673,487123,9.0,100,900.0
2026-03-31 09:25:00.000,20260331,92500000,000009.SZ,530134,2,64673,487125,9.0,600,5400.0
2026-03-31 09:25:00.000,20260331,92500000,000009.SZ,530135,2,64673,487157,9.0,100,900.0
2026-03-31 09:25:00.000,20260331,92500000,000009.SZ,530136,2,64673,487169,9.0,100,900.0
2026-03-31 09:25:00.000,20260331,92500000,000009.SZ,530137,2,64673,516568,9.0,5200,46800.0
2026-03-31 09:30:00.000,20260331,93000000,000009.SZ,620991,-1,0,506496,0.0,1800,0.0
2026-03-31 09:30:00.040,20260331,93000040,000009.SZ,627020,2,64673,627019,9.0,300,2700.0
2026-03-31 09:30:00.050,20260331,93000050,000009.SZ,634215,2,64673,634214,9.0,1100,9900.0
2026-03-31 09:30:00.050,20260331,93000050,000009.SZ,638208,-1,466531,0,0.0,300,0.0
2026-03-31 09:30:00.050,20260331,93000050,000009.SZ,639065,2,64673,639064,9.0,3000,27000.0
2026-03-31 09:30:00.060,20260331,93000060,000009.SZ,640766,2,64673,640765,9.0,100,900.0
2026-03-31 09:30:00.080,20260331,93000080,000009.SZ,652404,2,64673,652403,9.0,400,3600.0
2026-03-31 09:30:00.110,20260331,93000110,000009.SZ,676127,1,676126,667404,9.01,2000,18020.0
2026-03-31 09:30:00.120,20260331,93000120,000009.SZ,684710,2,64673,684709,9.0,1200,10800.0
2026-03-31 09:30:00.130,20260331,93000130,000009.SZ,689337,-1,0,371507,0.0,600,0.0
2026-03-31 09:30:00.130,20260331,93000130,000009.SZ,689432,2,64673,689431,9.0,600,5400.0
2026-03-31 09:30:00.140,20260331,93000140,000009.SZ,693294,2,64673,693293,9.0,500,4500.0
2026-03-31 09:30:00.200,20260331,93000200,000009.SZ,727932,-1,0,503294,0.0,900,0.0
2026-03-31 09:30:00.260,20260331,93000260,000009.SZ,752160,2,64673,752159,9.0,1800,16200.0
2026-03-31 09:30:00.270,20260331,93000270,000009.SZ,755658,-1,642505,0,0.0,200,0.0
2026-03-31 09:30:00.280,20260331,93000280,000009.SZ,759251,-1,0,493579,0.0,1300,0.0
2026-03-31 09:30:00.300,20260331,93000300,000009.SZ,767647,2,64673,767646,9.0,300,2700.0
2026-03-31 09:30:00.330,20260331,93000330,000009.SZ,774596,-1,0,510464,0.0,6400,0.0
2026-03-31 09:30:00.350,20260331,93000350,000009.SZ,781706,1,781705,667404,9.01,400,3604.0
2026-03-31 09:30:00.360,20260331,93000360,000009.SZ,783976,-1,0,163789,0.0,1000,0.0
2026-03-31 09:30:00.400,20260331,93000400,000009.SZ,791342,2,781705,791341,9.01,8500,76585.0
2026-03-31 09:30:00.400,20260331,93000400,000009.SZ,791343,2,64673,791341,9.0,1500,13500.0
2026-03-31 09:30:00.430,20260331,93000430,000009.SZ,796345,2,64673,796344,9.0,300,2700.0
2026-03-31 09:30:00.430,20260331,93000430,000009.SZ,796486,2,64673,796485,9.0,100,900.0
2026-03-31 09:30:00.430,20260331,93000430,000009.SZ,796634,2,64673,796633,9.0,100,900.0
2026-03-31 09:30:00.430,20260331,93000430,000009.SZ,796658,2,64673,796657,9.0,400,3600.0
2026-03-31 09:30:00.430,20260331,93000430,000009.SZ,798054,2,64673,798053,9.0,100,900.0
2026-03-31 09:30:00.450,20260331,93000450,000009.SZ,802451,2,799293,802450,9.01,300,2703.0
2026-03-31 09:30:00.450,20260331,93000450,000009.SZ,802453,2,799293,802452,9.01,500,4505.0
2026-03-31 09:30:00.450,20260331,93000450,000009.SZ,802614,2,799293,802613,9.01,700,6307.0
2026-03-31 09:30:00.460,20260331,93000460,000009.SZ,803233,2,799293,803232,9.01,200,1802.0
2026-03-31 09:30:00.460,20260331,93000460,000009.SZ,803593,2,799293,803592,9.01,100,901.0
2026-03-31 09:30:00.460,20260331,93000460,000009.SZ,803601,2,799293,803600,9.01,100,901.0
2026-03-31 09:30:00.480,20260331,93000480,000009.SZ,808154,2,799293,808153,9.01,500,4505.0
2026-03-31 09:30:00.500,20260331,93000500,000009.SZ,812888,2,799293,812887,9.01,1000,9010.0
2026-03-31 09:30:00.500,20260331,93000500,000009.SZ,813262,2,799293,813261,9.01,2400,21624.0
2026-03-31 09:30:00.530,20260331,93000530,000009.SZ,818814,2,799293,818813,9.01,100,901.0
2026-03-31 09:30:00.530,20260331,93000530,000009.SZ,819839,-1,0,277238,0.0,500,0.0
2026-03-31 09:30:00.580,20260331,93000580,000009.SZ,828871,2,799293,828870,9.01,100,901.0
2026-03-31 09:30:00.580,20260331,93000580,000009.SZ,829005,1,829004,177980,9.02,1000,9020.0
2026-03-31 09:30:00.620,20260331,93000620,000009.SZ,839688,-1,0,145180,0.0,2200,0.0
2026-03-31 09:30:00.630,20260331,93000630,000009.SZ,841055,2,799293,841054,9.01,3000,27030.0
2026-03-31 09:30:00.630,20260331,93000630,000009.SZ,841459,2,799293,841458,9.01,300,2703.0
2026-03-31 09:30:00.720,20260331,93000720,000009.SZ,858041,2,799293,858040,9.01,300,2703.0
2026-03-31 09:30:00.770,20260331,93000770,000009.SZ,866227,2,799293,866226,9.01,200,1802.0
2026-03-31 09:30:00.810,20260331,93000810,000009.SZ,873141,2,799293,873140,9.01,200,1802.0
2026-03-31 09:30:00.810,20260331,93000810,000009.SZ,873142,2,820376,873140,9.01,200,1802.0
2026-03-31 09:30:00.860,20260331,93000860,000009.SZ,879618,2,820376,879617,9.01,200,1802.0
2026-03-31 09:30:00.930,20260331,93000930,000009.SZ,888527,2,820376,888526,9.01,700,6307.0
2026-03-31 09:30:00.960,20260331,93000960,000009.SZ,891604,2,820376,891603,9.01,1800,16218.0
2026-03-31 09:30:01.110,20260331,93001110,000009.SZ,912577,-1,321451,0,0.0,1000,0.0
2026-03-31 09:30:01.470,20260331,93001470,000009.SZ,946749,2,820376,946748,9.01,1800,16218.0
2026-03-31 09:30:01.540,20260331,93001540,000009.SZ,952458,2,820376,952457,9.01,1200,10812.0
2026-03-31 09:30:01.580,20260331,93001580,000009.SZ,957555,2,820376,957554,9.01,2200,19822.0
2026-03-31 09:30:01.600,20260331,93001600,000009.SZ,959165,2,820376,959164,9.01,600,5406.0
2026-03-31 09:30:01.650,20260331,93001650,000009.SZ,965227,2,820376,965226,9.01,1100,9911.0
2026-03-31 09:30:01.680,20260331,93001680,000009.SZ,967618,2,820376,967617,9.01,200,1802.0
2026-03-31 09:30:01.840,20260331,93001840,000009.SZ,980024,2,838448,980023,9.01,200,1802.0
2026-03-31 09:30:01.860,20260331,93001860,000009.SZ,982566,1,982565,505221,9.02,100,902.0
2026-03-31 09:30:02.040,20260331,93002040,000009.SZ,999571,2,838448,999570,9.01,200,1802.0
2026-03-31 09:30:02.170,20260331,93002170,000009.SZ,1013010,2,838448,1013009,9.01,200,1802.0
2026-03-31 09:30:02.170,20260331,93002170,000009.SZ,1013011,2,838740,1013009,9.01,500,4505.0
2026-03-31 09:30:02.190,20260331,93002190,000009.SZ,1014662,2,838740,1014661,9.01,100,901.0
2026-03-31 09:30:02.190,20260331,93002190,000009.SZ,1014663,2,64673,1014661,9.0,400,3600.0
2026-03-31 09:30:02.210,20260331,93002210,000009.SZ,1015557,2,64673,1015556,9.0,1100,9900.0
2026-03-31 09:30:02.210,20260331,93002210,000009.SZ,1015748,2,64673,1015747,9.0,400,3600.0
2026-03-31 09:30:02.260,20260331,93002260,000009.SZ,1018887,2,1016603,1018886,9.01,100,901.0
2026-03-31 09:30:02.300,20260331,93002300,000009.SZ,1022024,2,1016603,1022023,9.01,500,4505.0
2026-03-31 09:30:02.300,20260331,93002300,000009.SZ,1022043,2,1016603,1022042,9.01,2400,21624.0
2026-03-31 09:30:02.300,20260331,93002300,000009.SZ,1022044,2,64673,1022042,9.0,2600,23400.0
2026-03-31 09:30:02.300,20260331,93002300,000009.SZ,1022074,2,64673,1022073,9.0,1300,11700.0
2026-03-31 09:30:02.300,20260331,93002300,000009.SZ,1022102,2,64673,1022101,9.0,1700,15300.0
2026-03-31 09:30:02.310,20260331,93002310,000009.SZ,1022448,2,64673,1022447,9.0,500,4500.0
2026-03-31 09:30:02.310,20260331,93002310,000009.SZ,1022449,2,202643,1022447,9.0,100,900.0
2026-03-31 09:30:02.310,20260331,93002310,000009.SZ,1022450,2,221519,1022447,9.0,200,1800.0
2026-03-31 09:30:02.310,20260331,93002310,000009.SZ,1022451,2,625651,1022447,9.0,500,4500.0
2026-03-31 09:30:02.310,20260331,93002310,000009.SZ,1022452,2,802747,1022447,9.0,1500,13500.0
2026-03-31 09:30:02.310,20260331,93002310,000009.SZ,1022453,2,819012,1022447,9.0,100,900.0
2026-03-31 09:30:02.310,20260331,93002310,000009.SZ,1022454,2,822699,1022447,9.0,400,3600.0
2026-03-31 09:30:02.320,20260331,93002320,000009.SZ,1023217,1,1023216,782728,9.02,1200,10824.0
2026-03-31 09:30:02.520,20260331,93002520,000009.SZ,1034089,2,822699,1034088,9.0,400,3600.0
2026-03-31 09:30:02.590,20260331,93002590,000009.SZ,1039398,2,1038333,1039397,9.01,400,3604.0
2026-03-31 09:30:02.590,20260331,93002590,000009.SZ,1039664,2,1038333,1039663,9.01,100,901.0
2026-03-31 09:30:02.590,20260331,93002590,000009.SZ,1039665,2,822699,1039663,9.0,300,2700.0
2026-03-31 09:30:02.590,20260331,93002590,000009.SZ,1039666,2,853191,1039663,9.0,200,1800.0
2026-03-31 09:30:02.630,20260331,93002630,000009.SZ,1042246,2,853191,1042245,9.0,600,5400.0
2026-03-31 09:30:02.730,20260331,93002730,000009.SZ,1049026,1,1049025,1047392,9.01,300,2703.0
2026-03-31 09:30:02.750,20260331,93002750,000009.SZ,1050275,1,1050274,782728,9.02,1800,16236.0
2026-03-31 09:30:02.780,20260331,93002780,000009.SZ,1051820,2,1049025,1051819,9.01,6700,60367.0
2026-03-31 09:30:02.780,20260331,93002780,000009.SZ,1051821,2,853191,1051819,9.0,1200,10800.0
2026-03-31 09:30:02.780,20260331,93002780,000009.SZ,1051822,2,853966,1051819,9.0,500,4500.0
2026-03-31 09:30:02.780,20260331,93002780,000009.SZ,1051823,2,864229,1051819,9.0,5000,45000.0
2026-03-31 09:30:02.780,20260331,93002780,000009.SZ,1051824,2,885558,1051819,9.0,100,900.0
2026-03-31 09:30:02.780,20260331,93002780,000009.SZ,1051825,2,956822,1051819,9.0,100,900.0
2026-03-31 09:30:02.820,20260331,93002820,000009.SZ,1053618,2,1052831,1053617,9.01,100,901.0
2026-03-31 09:30:02.820,20260331,93002820,000009.SZ,1053872,2,956822,1053871,9.0,100,900.0
2026-03-31 09:30:02.880,20260331,93002880,000009.SZ,1058181,1,1058180,1056589,9.01,100,901.0
2026-03-31 09:30:02.880,20260331,93002880,000009.SZ,1058182,1,1058180,782728,9.02,500,4510.0
2026-03-31 09:30:03.050,20260331,93003050,000009.SZ,1070255,2,1064073,1070254,9.01,1100,9911.0
2026-03-31 09:30:03.050,20260331,93003050,000009.SZ,1070256,2,956822,1070254,9.0,200,1800.0
2026-03-31 09:30:03.050,20260331,93003050,000009.SZ,1070257,2,963295,1070254,9.0,600,5400.0
2026-03-31 09:30:03.050,20260331,93003050,000009.SZ,1070258,2,995619,1070254,9.0,300,2700.0
2026-03-31 09:30:03.050,20260331,93003050,000009.SZ,1070259,2,1067133,1070254,9.0,100,900.0
2026-03-31 09:30:03.120,20260331,93003120,000009.SZ,1074886,1,1074885,1070254,9.0,200,1800.0
2026-03-31 09:30:03.140,20260331,93003140,000009.SZ,1076170,2,213798,1076169,8.99,600,5394.0
2026-03-31 09:30:03.150,20260331,93003150,000009.SZ,1076969,2,213798,1076968,8.99,100,899.0
2026-03-31 09:30:03.150,20260331,93003150,000009.SZ,1076974,2,213798,1076973,8.99,300,2697.0
2026-03-31 09:30:03.150,20260331,93003150,000009.SZ,1076975,2,262642,1076973,8.99,400,3596.0
2026-03-31 09:30:03.150,20260331,93003150,000009.SZ,1076976,2,894402,1076973,8.99,200,1798.0
2026-03-31 09:30:03.160,20260331,93003160,000009.SZ,1077000,2,894402,1076999,8.99,100,899.0
2026-03-31 09:30:03.160,20260331,93003160,000009.SZ,1077015,2,894402,1077014,8.99,100,899.0
2026-03-31 09:30:03.160,20260331,93003160,000009.SZ,1077017,2,894402,1077016,8.99,300,2697.0
2026-03-31 09:30:03.160,20260331,93003160,000009.SZ,1077019,2,894402,1077018,8.99,600,5394.0
2026-03-31 09:30:03.160,20260331,93003160,000009.SZ,1077021,2,894402,1077020,8.99,300,2697.0
2026-03-31 09:30:03.210,20260331,93003210,000009.SZ,1080496,1,1080495,1077022,8.99,200,1798.0
2026-03-31 09:30:03.210,20260331,93003210,000009.SZ,1080497,1,1080495,1077024,8.99,200,1798.0
2026-03-31 09:30:03.400,20260331,93003400,000009.SZ,1091081,1,1091080,1077024,8.99,2200,19778.0
2026-03-31 09:30:03.400,20260331,93003400,000009.SZ,1091082,1,1091080,1077034,8.99,100,899.0
2026-03-31 09:30:04.040,20260331,93004040,000009.SZ,1126637,1,1126636,1078142,8.99,100,899.0
2026-03-31 09:30:04.040,20260331,93004040,000009.SZ,1126638,1,1126636,1087652,8.99,900,8091.0
2026-03-31 09:30:04.080,20260331,93004080,000009.SZ,1128616,1,1128615,1087652,8.99,600,5394.0
2026-03-31 09:30:04.190,20260331,93004190,000009.SZ,1133569,1,1133568,1087652,8.99,500,4495.0
2026-03-31 09:30:04.400,20260331,93004400,000009.SZ,1141751,1,1141750,1087652,8.99,2500,22475.0
2026-03-31 09:30:04.400,20260331,93004400,000009.SZ,1141752,1,1141750,1109450,8.99,1200,10788.0
2026-03-31 09:30:04.400,20260331,93004400,000009.SZ,1141753,1,1141750,1113372,8.99,600,5394.0
2026-03-31 09:30:04.400,20260331,93004400,000009.SZ,1141754,1,1141750,1130781,8.99,600,5394.0
2026-03-31 09:30:04.400,20260331,93004400,000009.SZ,1141755,1,1141750,1070254,9.0,3100,27900.0
2026-03-31 09:30:04.430,20260331,93004430,000009.SZ,1142771,1,1142770,1070254,9.0,100,900.0
2026-03-31 09:30:04.790,20260331,93004790,000009.SZ,1156591,1,1156590,1070254,9.0,600,5400.0
2026-03-31 09:30:04.800,20260331,93004800,000009.SZ,1157227,-1,0,262643,0.0,400,0.0
2026-03-31 09:30:04.910,20260331,93004910,000009.SZ,1161465,-1,0,333193,0.0,1000,0.0
2026-03-31 09:30:04.960,20260331,93004960,000009.SZ,1163850,1,1163849,1070254,9.0,600,5400.0
2026-03-31 09:30:05.070,20260331,93005070,000009.SZ,1167663,1,1167662,1070254,9.0,600,5400.0
2026-03-31 09:30:05.080,20260331,93005080,000009.SZ,1167772,1,1167771,1070254,9.0,500,4500.0
2026-03-31 09:30:05.120,20260331,93005120,000009.SZ,1169035,1,1169034,1070254,9.0,300,2700.0
2026-03-31 09:30:05.550,20260331,93005550,000009.SZ,1180137,1,1180136,1070254,9.0,600,5400.0
2026-03-31 09:30:05.620,20260331,93005620,000009.SZ,1181744,1,1181743,1070254,9.0,300,2700.0
2026-03-31 09:30:06.030,20260331,93006030,000009.SZ,1190534,1,1190533,1070254,9.0,600,5400.0
2026-03-31 09:30:06.060,20260331,93006060,000009.SZ,1191549,1,1191548,1070254,9.0,300,2700.0
2026-03-31 09:30:06.130,20260331,93006130,000009.SZ,1193399,1,1193398,1070254,9.0,300,2700.0
2026-03-31 09:30:06.210,20260331,93006210,000009.SZ,1197663,-1,0,1167073,0.0,9900,0.0
2026-03-31 09:30:06.230,20260331,93006230,000009.SZ,1197941,1,1197940,1070254,9.0,300,2700.0
2026-03-31 09:30:06.230,20260331,93006230,000009.SZ,1197942,1,1197940,1076762,9.0,300,2700.0
2026-03-31 09:30:06.230,20260331,93006230,000009.SZ,1197943,1,1197940,1089044,9.0,300,2700.0
2026-03-31 09:30:06.250,20260331,93006250,000009.SZ,1198238,1,1198237,1089044,9.0,300,2700.0
2026-03-31 09:30:06.250,20260331,93006250,000009.SZ,1198239,1,1198237,1089056,9.0,600,5400.0
2026-03-31 09:30:06.250,20260331,93006250,000009.SZ,1198240,1,1198237,1105584,9.0,600,5400.0
2026-03-31 09:30:06.250,20260331,93006250,000009.SZ,1198241,1,1198237,1107841,9.0,300,2700.0
2026-03-31 09:30:06.250,20260331,93006250,000009.SZ,1198242,1,1198237,1168347,9.0,100,900.0
2026-03-31 09:30:06.250,20260331,93006250,000009.SZ,1198243,1,1198237,1172764,9.0,100,900.0
2026-03-31 09:30:06.250,20260331,93006250,000009.SZ,1198244,1,1198237,1185077,9.0,100,900.0
2026-03-31 09:30:06.250,20260331,93006250,000009.SZ,1198245,1,1198237,782728,9.02,1000,9020.0
2026-03-31 09:30:06.490,20260331,93006490,000009.SZ,1206657,1,1206656,1199979,9.0,100,900.0
2026-03-31 09:30:06.490,20260331,93006490,000009.SZ,1206658,1,1206656,1203994,9.0,2300,20700.0
2026-03-31 09:30:06.850,20260331,93006850,000009.SZ,1220909,1,1220908,1203994,9.0,2900,26100.0
2026-03-31 09:30:07.150,20260331,93007150,000009.SZ,1230027,1,1230026,1203994,9.0,300,2700.0
2026-03-31 09:30:07.180,20260331,93007180,000009.SZ,1231068,1,1231067,1203994,9.0,600,5400.0
2026-03-31 09:30:07.240,20260331,93007240,000009.SZ,1233047,1,1233046,1203994,9.0,900,8100.0
2026-03-31 09:30:07.740,20260331,93007740,000009.SZ,1250477,1,1250476,1203994,9.0,600,5400.0
2026-03-31 09:30:07.800,20260331,93007800,000009.SZ,1251578,-1,0,1203994,0.0,900,0.0
2026-03-31 09:30:07.860,20260331,93007860,000009.SZ,1252601,1,1252600,782728,9.02,500,4510.0
2026-03-31 09:30:07.860,20260331,93007860,000009.SZ,1252602,1,1252600,799037,9.02,100,902.0
2026-03-31 09:30:08.190,20260331,93008190,000009.SZ,1259340,1,1259339,1253970,9.0,200,1800.0
2026-03-31 09:30:08.220,20260331,93008220,000009.SZ,1259942,1,1259941,1253970,9.0,400,3600.0
2026-03-31 09:30:08.220,20260331,93008220,000009.SZ,1259943,1,1259941,1254631,9.0,200,1800.0
2026-03-31 09:30:08.240,20260331,93008240,000009.SZ,1260410,1,1260409,1254631,9.0,200,1800.0
2026-03-31 09:30:08.260,20260331,93008260,000009.SZ,1260662,1,1260661,1254631,9.0,600,5400.0
2026-03-31 09:30:08.650,20260331,93008650,000009.SZ,1266916,1,1266915,1266518,9.0,100,900.0
2026-03-31 09:30:08.650,20260331,93008650,000009.SZ,1266917,1,1266915,799037,9.02,500,4510.0
2026-03-31 09:30:08.950,20260331,93008950,000009.SZ,1270530,1,1270529,1267517,9.0,300,2700.0
2026-03-31 09:30:08.950,20260331,93008950,000009.SZ,1270609,-1,1163743,0,0.0,500,0.0
2026-03-31 09:30:09.080,20260331,93009080,000009.SZ,1272607,-1,0,817047,0.0,100,0.0
2026-03-31 09:30:09.520,20260331,93009520,000009.SZ,1283840,1,1283839,1267517,9.0,600,5400.0
2026-03-31 09:30:09.560,20260331,93009560,000009.SZ,1285114,1,1285113,1267517,9.0,800,7200.0
2026-03-31 09:30:09.560,20260331,93009560,000009.SZ,1285115,1,1285113,1284747,9.01,500,4505.0
2026-03-31 09:30:09.560,20260331,93009560,000009.SZ,1285116,1,1285113,799037,9.02,500,4510.0
2026-03-31 09:30:09.840,20260331,93009840,000009.SZ,1293326,2,1228673,1293325,8.99,300,2697.0
2026-03-31 09:30:09.840,20260331,93009840,000009.SZ,1293327,2,1273608,1293325,8.99,100,899.0
2026-03-31 09:30:09.840,20260331,93009840,000009.SZ,1293328,2,1275356,1293325,8.99,100,899.0
2026-03-31 09:30:10.090,20260331,93010090,000009.SZ,1297305,-1,1215332,0,0.0,2800,0.0
2026-03-31 09:30:10.170,20260331,93010170,000009.SZ,1298760,1,1298759,1293325,8.99,400,3596.0
2026-03-31 09:30:10.170,20260331,93010170,000009.SZ,1298761,1,1298759,1296089,8.99,500,4495.0
2026-03-31 09:30:10.170,20260331,93010170,000009.SZ,1298762,1,1298759,1297552,8.99,100,899.0
2026-03-31 09:30:10.220,20260331,93010220,000009.SZ,1299762,2,1298759,1299761,8.99,800,7192.0
2026-03-31 09:30:10.460,20260331,93010460,000009.SZ,1306797,1,1306796,799037,9.02,1200,10824.0
2026-03-31 09:30:11.090,20260331,93011090,000009.SZ,1320419,1,1320418,1307246,9.0,200,1800.0
2026-03-31 09:30:11.090,20260331,93011090,000009.SZ,1320420,1,1320418,1317432,9.0,100,900.0
2026-03-31 09:30:11.240,20260331,93011240,000009.SZ,1322708,1,1322707,1317432,9.0,300,2700.0
2026-03-31 09:30:11.780,20260331,93011780,000009.SZ,1329858,2,1298759,1329857,8.99,400,3596.0
2026-03-31 09:30:11.830,20260331,93011830,000009.SZ,1330445,1,1330444,1317432,9.0,300,2700.0
2026-03-31 09:30:11.860,20260331,93011860,000009.SZ,1331083,1,1331082,1317432,9.0,200,1800.0
2026-03-31 09:30:11.860,20260331,93011860,000009.SZ,1331084,1,1331082,1317697,9.0,400,3600.0
2026-03-31 09:30:11.950,20260331,93011950,000009.SZ,1332076,1,1332075,1317697,9.0,100,900.0
2026-03-31 09:30:11.960,20260331,93011960,000009.SZ,1332315,1,1332314,1317697,9.0,100,900.0
2026-03-31 09:30:12.090,20260331,93012090,000009.SZ,1334260,1,1334259,1317697,9.0,300,2700.0
2026-03-31 09:30:12.190,20260331,93012190,000009.SZ,1336156,1,1336155,1319360,9.0,200,1800.0
2026-03-31 09:30:12.190,20260331,93012190,000009.SZ,1336157,1,1336155,1319400,9.0,1100,9900.0
2026-03-31 09:30:12.190,20260331,93012190,000009.SZ,1336158,1,1336155,1319562,9.0,400,3600.0
2026-03-31 09:30:12.190,20260331,93012190,000009.SZ,1336159,1,1336155,1327046,9.0,1100,9900.0
2026-03-31 09:30:12.190,20260331,93012190,000009.SZ,1336160,1,1336155,799037,9.02,100,902.0
2026-03-31 09:30:12.390,20260331,93012390,000009.SZ,1341928,1,1341927,799037,9.02,600,5412.0
2026-03-31 09:30:12.550,20260331,93012550,000009.SZ,1347696,1,1347695,799037,9.02,500,4510.0
2026-03-31 09:30:12.550,20260331,93012550,000009.SZ,1347697,1,1347695,1132207,9.02,100,902.0
2026-03-31 09:30:13.150,20260331,93013150,000009.SZ,1361109,1,1361108,1132207,9.02,300,2706.0
2026-03-31 09:30:13.370,20260331,93013370,000009.SZ,1366305,1,1366304,1132207,9.02,600,5412.0
2026-03-31 09:30:13.740,20260331,93013740,000009.SZ,1376724,1,1376723,1132207,9.02,600,5412.0
2026-03-31 09:30:13.770,20260331,93013770,000009.SZ,1377609,2,1351409,1377608,9.01,400,3604.0
2026-03-31 09:30:13.770,20260331,93013770,000009.SZ,1377763,2,1351409,1377762,9.01,2600,23426.0
2026-03-31 09:30:13.940,20260331,93013940,000009.SZ,1380655,1,1380654,1132207,9.02,600,5412.0
2026-03-31 09:30:14.610,20260331,93014610,000009.SZ,1392322,1,1392321,1132207,9.02,600,5412.0
2026-03-31 09:30:14.680,20260331,93014680,000009.SZ,1393384,2,1351409,1393383,9.01,200,1802.0
2026-03-31 09:30:14.690,20260331,93014690,000009.SZ,1393644,1,1393643,1132207,9.02,400,3608.0
2026-03-31 09:30:14.690,20260331,93014690,000009.SZ,1393645,1,1393643,1175,9.03,200,1806.0
2026-03-31 09:30:15.080,20260331,93015080,000009.SZ,1399252,2,1351409,1399251,9.01,3000,27030.0
2026-03-31 09:30:15.170,20260331,93015170,000009.SZ,1401136,-1,1198187,0,0.0,500,0.0
2026-03-31 09:30:15.170,20260331,93015170,000009.SZ,1401225,-1,1336336,0,0.0,900,0.0
2026-03-31 09:30:15.180,20260331,93015180,000009.SZ,1401473,1,1401472,1175,9.03,300,2709.0
2026-03-31 09:30:15.180,20260331,93015180,000009.SZ,1401601,-1,1217728,0,0.0,400,0.0
2026-03-31 09:30:15.200,20260331,93015200,000009.SZ,1402439,1,1402438,30571,9.03,100,903.0
2026-03-31 09:30:15.200,20260331,93015200,000009.SZ,1402440,1,1402438,71222,9.03,500,4515.0
2026-03-31 09:30:15.280,20260331,93015280,000009.SZ,1404797,1,1404796,71222,9.03,100,903.0
2026-03-31 09:30:15.280,20260331,93015280,000009.SZ,1404798,1,1404796,81525,9.03,500,4515.0
2026-03-31 09:30:15.370,20260331,93015370,000009.SZ,1406269,1,1406268,88097,9.03,300,2709.0
2026-03-31 09:30:15.370,20260331,93015370,000009.SZ,1406407,1,1406406,88097,9.03,300,2709.0
2026-03-31 09:30:15.390,20260331,93015390,000009.SZ,1406713,1,1406712,88097,9.03,400,3612.0
2026-03-31 09:30:15.390,20260331,93015390,000009.SZ,1406714,1,1406712,181765,9.03,800,7224.0
2026-03-31 09:30:15.760,20260331,93015760,000009.SZ,1417024,2,1408850,1417023,9.02,200,1804.0
2026-03-31 09:30:15.770,20260331,93015770,000009.SZ,1417062,2,1408850,1417061,9.02,700,6314.0
2026-03-31 09:30:15.770,20260331,93015770,000009.SZ,1417070,2,1408850,1417069,9.02,700,6314.0
2026-03-31 09:30:15.770,20260331,93015770,000009.SZ,1417079,2,1408850,1417078,9.02,1300,11726.0
2026-03-31 09:30:15.770,20260331,93015770,000009.SZ,1417080,2,1336736,1417078,9.0,300,2700.0
2026-03-31 09:30:15.770,20260331,93015770,000009.SZ,1417081,2,1340737,1417078,9.0,900,8100.0
2026-03-31 09:30:15.770,20260331,93015770,000009.SZ,1417094,2,1340737,1417093,9.0,700,6300.0
2026-03-31 09:30:15.770,20260331,93015770,000009.SZ,1417128,2,1340737,1417127,9.0,800,7200.0
2026-03-31 09:30:15.770,20260331,93015770,000009.SZ,1417129,2,1372867,1417127,9.0,1300,11700.0
2026-03-31 09:30:15.850,20260331,93015850,000009.SZ,1419918,2,1372867,1419917,9.0,900,8100.0
2026-03-31 09:30:15.850,20260331,93015850,000009.SZ,1419924,2,1372867,1419923,9.0,300,2700.0
2026-03-31 09:30:15.850,20260331,93015850,000009.SZ,1419927,2,1372867,1419926,9.0,1700,15300.0
2026-03-31 09:30:15.850,20260331,93015850,000009.SZ,1419928,2,1388278,1419926,9.0,300,2700.0
2026-03-31 09:30:15.850,20260331,93015850,000009.SZ,1419937,2,1388278,1419936,9.0,600,5400.0
2026-03-31 09:30:15.850,20260331,93015850,000009.SZ,1419946,2,1388278,1419945,9.0,800,7200.0
2026-03-31 09:30:15.850,20260331,93015850,000009.SZ,1419951,2,1388278,1419950,9.0,500,4500.0
2026-03-31 09:30:15.850,20260331,93015850,000009.SZ,1419953,2,1388278,1419952,9.0,1000,9000.0
2026-03-31 09:30:15.850,20260331,93015850,000009.SZ,1420003,2,1388278,1420002,9.0,300,2700.0
2026-03-31 09:30:15.860,20260331,93015860,000009.SZ,1420125,2,1388278,1420124,9.0,500,4500.0
2026-03-31 09:30:15.860,20260331,93015860,000009.SZ,1420126,2,1395514,1420124,9.0,300,2700.0
2026-03-31 09:30:15.860,20260331,93015860,000009.SZ,1420127,2,1396452,1420124,9.0,300,2700.0
2026-03-31 09:30:15.860,20260331,93015860,000009.SZ,1420163,2,1396452,1420162,9.0,500,4500.0
2026-03-31 09:30:15.860,20260331,93015860,000009.SZ,1420274,2,1396452,1420273,9.0,100,900.0
2026-03-31 09:30:15.860,20260331,93015860,000009.SZ,1420275,2,1401229,1420273,9.0,600,5400.0
2026-03-31 09:30:15.870,20260331,93015870,000009.SZ,1420399,-1,1298759,0,0.0,700,0.0
2026-03-31 09:30:15.940,20260331,93015940,000009.SZ,1421752,-1,852796,0,0.0,1000,0.0
2026-03-31 09:30:16.010,20260331,93016010,000009.SZ,1422953,2,1401229,1422952,9.0,1100,9900.0
2026-03-31 09:30:16.010,20260331,93016010,000009.SZ,1422979,1,1422978,181765,9.03,600,5418.0
2026-03-31 09:30:16.070,20260331,93016070,000009.SZ,1424064,1,1424063,181765,9.03,600,5418.0
2026-03-31 09:30:16.090,20260331,93016090,000009.SZ,1424426,1,1424425,181765,9.03,300,2709.0
2026-03-31 09:30:16.180,20260331,93016180,000009.SZ,1425852,1,1425851,181765,9.03,300,2709.0
2026-03-31 09:30:16.180,20260331,93016180,000009.SZ,1425886,1,1425885,181765,9.03,400,3612.0
2026-03-31 09:30:16.180,20260331,93016180,000009.SZ,1425887,1,1425885,321841,9.03,200,1806.0
2026-03-31 09:30:16.200,20260331,93016200,000009.SZ,1426152,1,1426151,321841,9.03,600,5418.0
2026-03-31 09:30:16.200,20260331,93016200,000009.SZ,1426153,1,1426151,408426,9.03,800,7224.0
2026-03-31 09:30:16.320,20260331,93016320,000009.SZ,1429474,1,1429473,408426,9.03,600,5418.0
2026-03-31 09:30:16.320,20260331,93016320,000009.SZ,1429627,1,1429626,408426,9.03,300,2709.0
2026-03-31 09:30:16.320,20260331,93016320,000009.SZ,1429768,1,1429767,408426,9.03,300,2709.0
2026-03-31 09:30:16.360,20260331,93016360,000009.SZ,1430984,1,1430983,408426,9.03,400,3612.0
2026-03-31 09:30:16.360,20260331,93016360,000009.SZ,1430985,1,1430983,444288,9.03,200,1806.0
2026-03-31 09:30:16.480,20260331,93016480,000009.SZ,1435030,1,1435029,444288,9.03,600,5418.0
2026-03-31 09:30:16.710,20260331,93016710,000009.SZ,1440363,1,1440362,444288,9.03,900,8127.0
2026-03-31 09:30:16.740,20260331,93016740,000009.SZ,1441007,-1,1416405,0,0.0,1100,0.0
2026-03-31 09:30:16.970,20260331,93016970,000009.SZ,1445732,1,1445731,444288,9.03,600,5418.0
2026-03-31 09:30:17.010,20260331,93017010,000009.SZ,1446630,1,1446629,444288,9.03,600,5418.0
2026-03-31 09:30:17.170,20260331,93017170,000009.SZ,1449078,1,1449077,444288,9.03,600,5418.0
2026-03-31 09:30:17.460,20260331,93017460,000009.SZ,1453694,1,1453693,444288,9.03,600,5418.0
2026-03-31 09:30:17.470,20260331,93017470,000009.SZ,1453973,1,1453972,444288,9.03,400,3612.0
2026-03-31 09:30:17.510,20260331,93017510,000009.SZ,1454890,1,1454889,444288,9.03,600,5418.0
2026-03-31 09:30:17.540,20260331,93017540,000009.SZ,1455504,1,1455503,444288,9.03,600,5418.0
2026-03-31 09:30:17.750,20260331,93017750,000009.SZ,1458932,1,1458931,444288,9.03,600,5418.0
2026-03-31 09:30:17.790,20260331,93017790,000009.SZ,1459487,1,1459486,444288,9.03,300,2709.0
2026-03-31 09:30:17.880,20260331,93017880,000009.SZ,1460760,2,1430474,1460759,9.01,200,1802.0
2026-03-31 09:30:17.880,20260331,93017880,000009.SZ,1460761,2,1430477,1460759,9.01,100,901.0
2026-03-31 09:30:17.880,20260331,93017880,000009.SZ,1460762,2,1430481,1460759,9.01,100,901.0
2026-03-31 09:30:17.880,20260331,93017880,000009.SZ,1460763,2,1430988,1460759,9.01,100,901.0
2026-03-31 09:30:17.880,20260331,93017880,000009.SZ,1460764,2,1431052,1460759,9.01,100,901.0
2026-03-31 09:30:17.880,20260331,93017880,000009.SZ,1460765,2,1431260,1460759,9.01,100,901.0
2026-03-31 09:30:17.880,20260331,93017880,000009.SZ,1460766,2,1431309,1460759,9.01,200,1802.0
2026-03-31 09:30:17.880,20260331,93017880,000009.SZ,1460767,2,1431335,1460759,9.01,300,2703.0
2026-03-31 09:30:17.880,20260331,93017880,000009.SZ,1460768,2,1431809,1460759,9.01,300,2703.0
2026-03-31 09:30:17.880,20260331,93017880,000009.SZ,1460769,2,1431810,1460759,9.01,100,901.0
2026-03-31 09:30:17.880,20260331,93017880,000009.SZ,1460770,2,1432047,1460759,9.01,200,1802.0
2026-03-31 09:30:17.880,20260331,93017880,000009.SZ,1460771,2,1432594,1460759,9.01,800,7208.0
2026-03-31 09:30:17.970,20260331,93017970,000009.SZ,1462625,1,1462624,444288,9.03,600,5418.0
2026-03-31 09:30:18.190,20260331,93018190,000009.SZ,1466978,1,1466977,1034411,9.03,1000,9030.0
2026-03-31 09:30:18.190,20260331,93018190,000009.SZ,1466979,1,1466977,1401596,9.03,200,1806.0
2026-03-31 09:30:18.230,20260331,93018230,000009.SZ,1467814,2,1432594,1467813,9.01,100,901.0
2026-03-31 09:30:18.230,20260331,93018230,000009.SZ,1467816,2,1432594,1467815,9.01,300,2703.0
2026-03-31 09:30:18.230,20260331,93018230,000009.SZ,1467818,2,1433922,1467817,9.01,100,901.0
2026-03-31 09:30:18.230,20260331,93018230,000009.SZ,1467847,2,1433927,1467846,9.01,100,901.0
2026-03-31 09:30:18.230,20260331,93018230,000009.SZ,1467849,2,1456413,1467848,9.01,200,1802.0
2026-03-31 09:30:18.230,20260331,93018230,000009.SZ,1467851,2,1456413,1467850,9.01,100,901.0
2026-03-31 09:30:18.270,20260331,93018270,000009.SZ,1468736,-1,1401229,0,0.0,100,0.0
2026-03-31 09:30:18.270,20260331,93018270,000009.SZ,1468806,1,1468805,1467910,9.01,900,8109.0
2026-03-31 09:30:18.270,20260331,93018270,000009.SZ,1468807,1,1468805,1401596,9.03,400,3612.0
2026-03-31 09:30:18.270,20260331,93018270,000009.SZ,1468808,1,1468805,1401610,9.03,300,2709.0
2026-03-31 09:30:18.270,20260331,93018270,000009.SZ,1468809,1,1468805,1401618,9.03,800,7224.0
2026-03-31 09:30:18.270,20260331,93018270,000009.SZ,1468810,1,1468805,1401652,9.03,900,8127.0
2026-03-31 09:30:18.330,20260331,93018330,000009.SZ,1471349,-1,1412515,0,0.0,2200,0.0
2026-03-31 09:30:18.400,20260331,93018400,000009.SZ,1472954,1,1472953,1401652,9.03,200,1806.0
2026-03-31 09:30:18.470,20260331,93018470,000009.SZ,1474257,1,1474256,998497,9.04,600,5424.0
2026-03-31 09:30:18.520,20260331,93018520,000009.SZ,1476526,1,1476525,998497,9.04,200,1808.0
2026-03-31 09:30:18.590,20260331,93018590,000009.SZ,1479862,2,1472953,1479861,9.03,300,2709.0
2026-03-31 09:30:18.810,20260331,93018810,000009.SZ,1485847,1,1485846,998497,9.04,600,5424.0
2026-03-31 09:30:19.040,20260331,93019040,000009.SZ,1490597,-1,1334425,0,0.0,2300,0.0
2026-03-31 09:30:19.130,20260331,93019130,000009.SZ,1492207,1,1492206,998497,9.04,300,2712.0
2026-03-31 09:30:19.140,20260331,93019140,000009.SZ,1492319,1,1492318,998497,9.04,600,5424.0
2026-03-31 09:30:19.270,20260331,93019270,000009.SZ,1495978,-1,1421607,0,0.0,700,0.0
2026-03-31 09:30:19.300,20260331,93019300,000009.SZ,1497157,-1,1234627,0,0.0,300,0.0
2026-03-31 09:30:19.830,20260331,93019830,000009.SZ,1508910,1,1508909,998497,9.04,600,5424.0
2026-03-31 09:30:19.840,20260331,93019840,000009.SZ,1509109,1,1509108,998497,9.04,1100,9944.0
2026-03-31 09:30:19.840,20260331,93019840,000009.SZ,1509110,1,1509108,1389373,9.04,800,7232.0
2026-03-31 09:30:20.070,20260331,93020070,000009.SZ,1513385,1,1513384,1389373,9.04,600,5424.0
2026-03-31 09:30:20.100,20260331,93020100,000009.SZ,1514086,1,1514085,1389373,9.04,600,5424.0
2026-03-31 09:30:20.120,20260331,93020120,000009.SZ,1514510,1,1514509,1389373,9.04,1200,10848.0
2026-03-31 09:30:20.140,20260331,93020140,000009.SZ,1514936,1,1514935,1389373,9.04,300,2712.0
2026-03-31 09:30:20.240,20260331,93020240,000009.SZ,1516689,1,1516688,1389373,9.04,600,5424.0
2026-03-31 09:30:20.400,20260331,93020400,000009.SZ,1519458,1,1519457,1389373,9.04,600,5424.0
2026-03-31 09:30:20.590,20260331,93020590,000009.SZ,1522081,1,1522080,1389373,9.04,600,5424.0
2026-03-31 09:30:20.680,20260331,93020680,000009.SZ,1523529,1,1523528,1389373,9.04,600,5424.0
2026-03-31 09:30:20.840,20260331,93020840,000009.SZ,1526345,1,1526344,1389373,9.04,500,4520.0
2026-03-31 09:30:20.840,20260331,93020840,000009.SZ,1526346,1,1526344,267261,9.05,100,905.0
2026-03-31 09:30:21.120,20260331,93021120,000009.SZ,1531175,1,1531174,751791,9.05,600,5430.0
2026-03-31 09:30:21.150,20260331,93021150,000009.SZ,1532069,-1,1482384,0,0.0,300,0.0
2026-03-31 09:30:21.160,20260331,93021160,000009.SZ,1532417,1,1532416,751791,9.05,100,905.0
2026-03-31 09:30:21.170,20260331,93021170,000009.SZ,1532742,-1,1405545,0,0.0,400,0.0
2026-03-31 09:30:21.220,20260331,93021220,000009.SZ,1534591,2,1532363,1534590,9.04,300,2712.0
2026-03-31 09:30:21.220,20260331,93021220,000009.SZ,1534592,2,1472953,1534590,9.03,1500,13545.0
2026-03-31 09:30:21.220,20260331,93021220,000009.SZ,1534593,2,1475434,1534590,9.03,3200,28896.0
2026-03-31 09:30:21.250,20260331,93021250,000009.SZ,1535340,2,1475434,1535339,9.03,100,903.0
2026-03-31 09:30:21.300,20260331,93021300,000009.SZ,1536262,1,1536261,751791,9.05,300,2715.0
2026-03-31 09:30:21.320,20260331,93021320,000009.SZ,1536652,1,1536651,751791,9.05,600,5430.0
2026-03-31 09:30:21.340,20260331,93021340,000009.SZ,1537128,1,1537127,751791,9.05,300,2715.0
2026-03-31 09:30:21.380,20260331,93021380,000009.SZ,1538079,1,1538078,751791,9.05,600,5430.0
2026-03-31 09:30:21.420,20260331,93021420,000009.SZ,1538762,-1,749964,0,0.0,1000,0.0
2026-03-31 09:30:21.460,20260331,93021460,000009.SZ,1539726,1,1539725,751791,9.05,600,5430.0
2026-03-31 09:30:21.620,20260331,93021620,000009.SZ,1543852,1,1543851,751791,9.05,300,2715.0
2026-03-31 09:30:21.620,20260331,93021620,000009.SZ,1543873,1,1543872,751791,9.05,300,2715.0
2026-03-31 09:30:21.640,20260331,93021640,000009.SZ,1544447,1,1544446,751791,9.05,600,5430.0
2026-03-31 09:30:21.780,20260331,93021780,000009.SZ,1548204,1,1548203,751791,9.05,3300,29865.0
2026-03-31 09:30:21.860,20260331,93021860,000009.SZ,1550746,2,1538480,1550745,9.04,500,4520.0
2026-03-31 09:30:21.860,20260331,93021860,000009.SZ,1550747,2,1475434,1550745,9.03,900,8127.0
2026-03-31 09:30:21.860,20260331,93021860,000009.SZ,1550748,2,1483759,1550745,9.03,900,8127.0
2026-03-31 09:30:21.860,20260331,93021860,000009.SZ,1550749,2,1491611,1550745,9.03,2300,20769.0
2026-03-31 09:30:21.860,20260331,93021860,000009.SZ,1550750,2,1498687,1550745,9.03,300,2709.0
2026-03-31 09:30:21.860,20260331,93021860,000009.SZ,1550751,2,1528815,1550745,9.03,1600,14448.0
2026-03-31 09:30:22.040,20260331,93022040,000009.SZ,1554199,2,1528815,1554198,9.03,1200,10836.0
2026-03-31 09:30:22.040,20260331,93022040,000009.SZ,1554200,2,1532402,1554198,9.03,100,903.0
2026-03-31 09:30:22.060,20260331,93022060,000009.SZ,1554709,2,1532402,1554708,9.03,200,1806.0
2026-03-31 09:30:22.060,20260331,93022060,000009.SZ,1554710,2,1534798,1554708,9.03,1100,9933.0
2026-03-31 09:30:22.070,20260331,93022070,000009.SZ,1554816,2,1534798,1554815,9.03,1900,17157.0
2026-03-31 09:30:22.070,20260331,93022070,000009.SZ,1554818,2,1534798,1554817,9.03,700,6321.0
2026-03-31 09:30:22.070,20260331,93022070,000009.SZ,1554819,2,1535838,1554817,9.03,400,3612.0
2026-03-31 09:30:22.070,20260331,93022070,000009.SZ,1554820,2,1540309,1554817,9.03,200,1806.0
2026-03-31 09:30:22.070,20260331,93022070,000009.SZ,1554848,2,1540309,1554847,9.03,700,6321.0
2026-03-31 09:30:22.070,20260331,93022070,000009.SZ,1554851,2,1540309,1554850,9.03,1900,17157.0
2026-03-31 09:30:22.260,20260331,93022260,000009.SZ,1558985,-1,1531618,0,0.0,200,0.0
2026-03-31 09:30:22.280,20260331,93022280,000009.SZ,1559481,1,1559480,1554951,9.03,300,2709.0
2026-03-31 09:30:22.390,20260331,93022390,000009.SZ,1562440,-1,1522862,0,0.0,300,0.0
2026-03-31 09:30:22.400,20260331,93022400,000009.SZ,1562810,-1,1522858,0,0.0,1100,0.0
2026-03-31 09:30:22.690,20260331,93022690,000009.SZ,1569712,-1,1520638,0,0.0,700,0.0
2026-03-31 09:30:22.770,20260331,93022770,000009.SZ,1570859,1,1570858,1554951,9.03,400,3612.0
2026-03-31 09:30:22.820,20260331,93022820,000009.SZ,1571850,-1,1526087,0,0.0,300,0.0
2026-03-31 09:30:23.000,20260331,93023000,000009.SZ,1575355,-1,0,1181826,0.0,4000,0.0
2026-03-31 09:30:23.010,20260331,93023010,000009.SZ,1575748,-1,1537968,0,0.0,200,0.0
2026-03-31 09:30:23.950,20260331,93023950,000009.SZ,1591166,1,1591165,751791,9.05,600,5430.0
2026-03-31 09:30:24.150,20260331,93024150,000009.SZ,1594610,2,1571843,1594609,9.04,300,2712.0
2026-03-31 09:30:24.150,20260331,93024150,000009.SZ,1594703,-1,1194066,0,0.0,100,0.0
2026-03-31 09:30:24.210,20260331,93024210,000009.SZ,1596027,1,1596026,751791,9.05,1300,11765.0
2026-03-31 09:30:24.260,20260331,93024260,000009.SZ,1597218,2,1594573,1597217,9.04,200,1808.0
2026-03-31 09:30:24.260,20260331,93024260,000009.SZ,1597263,1,1597262,1597217,9.04,100,904.0
2026-03-31 09:30:24.260,20260331,93024260,000009.SZ,1597264,1,1597262,751791,9.05,1300,11765.0
2026-03-31 09:30:24.370,20260331,93024370,000009.SZ,1600112,1,1600111,751791,9.05,300,2715.0
2026-03-31 09:30:24.460,20260331,93024460,000009.SZ,1601834,1,1601833,751791,9.05,600,5430.0
2026-03-31 09:30:24.960,20260331,93024960,000009.SZ,1615234,-1,1570858,0,0.0,300,0.0
2026-03-31 09:30:25.100,20260331,93025100,000009.SZ,1617710,1,1617709,1612903,9.04,600,5424.0
2026-03-31 09:30:25.270,20260331,93025270,000009.SZ,1621783,-1,0,1255001,0.0,2500,0.0
2026-03-31 09:30:25.360,20260331,93025360,000009.SZ,1623301,-1,1561726,0,0.0,1200,0.0
2026-03-31 09:30:25.360,20260331,93025360,000009.SZ,1623308,-1,1537418,0,0.0,1200,0.0
2026-03-31 09:30:25.810,20260331,93025810,000009.SZ,1632323,-1,0,1257277,0.0,900,0.0
2026-03-31 09:30:26.340,20260331,93026340,000009.SZ,1640309,-1,0,1622047,0.0,600,0.0
2026-03-31 09:30:26.680,20260331,93026680,000009.SZ,1645087,-1,776366,0,0.0,300,0.0
2026-03-31 09:30:26.960,20260331,93026960,000009.SZ,1648832,-1,1482003,0,0.0,200,0.0
2026-03-31 09:30:27.050,20260331,93027050,000009.SZ,1650148,1,1650147,1612903,9.04,300,2712.0
2026-03-31 09:30:27.240,20260331,93027240,000009.SZ,1653108,-1,0,1531660,0.0,100,0.0
2026-03-31 09:30:27.290,20260331,93027290,000009.SZ,1654805,1,1654804,1612905,9.04,400,3616.0
2026-03-31 09:30:27.290,20260331,93027290,000009.SZ,1654806,1,1654804,1613122,9.04,200,1808.0
2026-03-31 09:30:27.290,20260331,93027290,000009.SZ,1654807,1,1654804,1616971,9.04,700,6328.0
2026-03-31 09:30:27.290,20260331,93027290,000009.SZ,1654808,1,1654804,1616986,9.04,500,4520.0
2026-03-31 09:30:27.770,20260331,93027770,000009.SZ,1666147,1,1666146,1663623,9.03,600,5418.0
2026-03-31 09:30:29.000,20260331,93029000,000009.SZ,1689779,1,1689778,1663623,9.03,600,5418.0
2026-03-31 09:30:29.390,20260331,93029390,000009.SZ,1696440,-1,1630041,0,0.0,1000,0.0
2026-03-31 09:30:29.690,20260331,93029690,000009.SZ,1700332,2,1687790,1700331,9.02,200,1804.0
2026-03-31 09:30:29.950,20260331,93029950,000009.SZ,1703903,-1,0,997975,0.0,500,0.0
2026-03-31 09:30:30.340,20260331,93030340,000009.SZ,1711761,1,1711760,1663623,9.03,300,2709.0
2026-03-31 09:30:30.360,20260331,93030360,000009.SZ,1712140,1,1712139,1663623,9.03,1200,10836.0
2026-03-31 09:30:30.360,20260331,93030360,000009.SZ,1712142,1,1712141,1663623,9.03,1200,10836.0
2026-03-31 09:30:30.470,20260331,93030470,000009.SZ,1714238,-1,0,415639,0.0,1800,0.0
2026-03-31 09:30:30.540,20260331,93030540,000009.SZ,1716611,1,1716610,1663623,9.03,1400,12642.0
2026-03-31 09:30:31.290,20260331,93031290,000009.SZ,1735396,2,1517721,1735395,9.01,300,2703.0
2026-03-31 09:30:31.290,20260331,93031290,000009.SZ,1735397,2,1653015,1735395,9.01,500,4505.0
2026-03-31 09:30:31.290,20260331,93031290,000009.SZ,1735398,2,1653016,1735395,9.01,300,2703.0
2026-03-31 09:30:31.290,20260331,93031290,000009.SZ,1735399,2,1653019,1735395,9.01,400,3604.0
2026-03-31 09:30:31.290,20260331,93031290,000009.SZ,1735400,2,1653032,1735395,9.01,300,2703.0
2026-03-31 09:30:31.290,20260331,93031290,000009.SZ,1735401,2,1653042,1735395,9.01,300,2703.0
2026-03-31 09:30:31.290,20260331,93031290,000009.SZ,1735402,2,1653049,1735395,9.01,700,6307.0
2026-03-31 09:30:31.290,20260331,93031290,000009.SZ,1735403,2,1653067,1735395,9.01,300,2703.0
2026-03-31 09:30:31.290,20260331,93031290,000009.SZ,1735404,2,1653829,1735395,9.01,200,1802.0
2026-03-31 09:30:31.290,20260331,93031290,000009.SZ,1735405,2,1694285,1735395,9.01,900,8109.0
2026-03-31 09:30:31.460,20260331,93031460,000009.SZ,1740147,1,1740146,1721255,9.02,600,5412.0
2026-03-31 09:30:32.000,20260331,93032000,000009.SZ,1751278,-1,0,45525,0.0,2400,0.0
2026-03-31 09:30:32.070,20260331,93032070,000009.SZ,1752657,1,1752656,1721255,9.02,300,2706.0
2026-03-31 09:30:32.140,20260331,93032140,000009.SZ,1753830,1,1753829,1721255,9.02,1800,16236.0
2026-03-31 09:30:32.170,20260331,93032170,000009.SZ,1754398,1,1754397,1721255,9.02,600,5412.0
2026-03-31 09:30:32.240,20260331,93032240,000009.SZ,1755673,1,1755672,1721255,9.02,100,902.0
2026-03-31 09:30:32.370,20260331,93032370,000009.SZ,1758239,1,1758238,1721255,9.02,600,5412.0
2026-03-31 09:30:33.170,20260331,93033170,000009.SZ,1769996,1,1769995,1721255,9.02,300,2706.0
2026-03-31 09:30:33.270,20260331,93033270,000009.SZ,1772169,2,1416469,1772168,9.0,3800,34200.0
2026-03-31 09:30:33.270,20260331,93033270,000009.SZ,1772170,2,1538765,1772168,9.0,500,4500.0
2026-03-31 09:30:33.270,20260331,93033270,000009.SZ,1772171,2,1676313,1772168,9.0,100,900.0
2026-03-31 09:30:33.270,20260331,93033270,000009.SZ,1772172,2,1684454,1772168,9.0,1600,14400.0
2026-03-31 09:30:33.270,20260331,93033270,000009.SZ,1772415,1,1772414,1721255,9.02,1500,13530.0
2026-03-31 09:30:33.320,20260331,93033320,000009.SZ,1774047,2,1684454,1774046,9.0,2400,21600.0
2026-03-31 09:30:33.320,20260331,93033320,000009.SZ,1774048,2,1714158,1774046,9.0,5000,45000.0
2026-03-31 09:30:33.320,20260331,93033320,000009.SZ,1774049,2,1718233,1774046,9.0,2000,18000.0
2026-03-31 09:30:33.320,20260331,93033320,000009.SZ,1774077,1,1774076,1721255,9.02,300,2706.0
2026-03-31 09:30:33.430,20260331,93033430,000009.SZ,1776833,-1,0,1701884,0.0,1800,0.0
2026-03-31 09:30:34.120,20260331,93034120,000009.SZ,1793704,1,1793703,1721255,9.02,600,5412.0
2026-03-31 09:30:34.770,20260331,93034770,000009.SZ,1808970,2,1341339,1808969,8.99,100,899.0
2026-03-31 09:30:35.160,20260331,93035160,000009.SZ,1815223,1,1815222,1721255,9.02,300,2706.0
2026-03-31 09:30:35.180,20260331,93035180,000009.SZ,1815556,1,1815555,1721255,9.02,3600,32472.0
2026-03-31 09:30:35.390,20260331,93035390,000009.SZ,1818891,1,1818890,1721255,9.02,2100,18942.0
2026-03-31 09:30:35.590,20260331,93035590,000009.SZ,1821926,1,1821925,1721255,9.02,600,5412.0
2026-03-31 09:30:35.640,20260331,93035640,000009.SZ,1822503,1,1822502,1721255,9.02,600,5412.0
2026-03-31 09:30:35.900,20260331,93035900,000009.SZ,1825878,1,1825877,1721255,9.02,1500,13530.0
2026-03-31 09:30:35.900,20260331,93035900,000009.SZ,1825879,1,1825877,1788378,9.02,1200,10824.0
2026-03-31 09:30:35.900,20260331,93035900,000009.SZ,1825880,1,1825877,1801517,9.02,800,7216.0
2026-03-31 09:30:35.900,20260331,93035900,000009.SZ,1825881,1,1825877,1801543,9.02,1700,15334.0
2026-03-31 09:30:36.020,20260331,93036020,000009.SZ,1827654,-1,1529859,0,0.0,100,0.0
2026-03-31 09:30:36.020,20260331,93036020,000009.SZ,1827656,-1,1529851,0,0.0,100,0.0
2026-03-31 09:30:36.020,20260331,93036020,000009.SZ,1827659,-1,1529882,0,0.0,100,0.0
2026-03-31 09:30:36.020,20260331,93036020,000009.SZ,1827660,-1,1529888,0,0.0,300,0.0
2026-03-31 09:30:36.020,20260331,93036020,000009.SZ,1827709,-1,1529860,0,0.0,100,0.0
2026-03-31 09:30:36.020,20260331,93036020,000009.SZ,1827725,-1,1529972,0,0.0,100,0.0
2026-03-31 09:30:36.020,20260331,93036020,000009.SZ,1827728,-1,1529971,0,0.0,100,0.0
2026-03-31 09:30:36.020,20260331,93036020,000009.SZ,1827787,-1,1530027,0,0.0,400,0.0
2026-03-31 09:30:36.020,20260331,93036020,000009.SZ,1827791,-1,1530073,0,0.0,200,0.0
2026-03-31 09:30:36.040,20260331,93036040,000009.SZ,1828202,-1,1530074,0,0.0,100,0.0
2026-03-31 09:30:36.040,20260331,93036040,000009.SZ,1828206,-1,1530445,0,0.0,200,0.0
2026-03-31 09:30:36.060,20260331,93036060,000009.SZ,1828495,1,1828494,1801543,9.02,200,1804.0
2026-03-31 09:30:36.060,20260331,93036060,000009.SZ,1828496,1,1828494,1802070,9.02,1100,9922.0
2026-03-31 09:30:36.060,20260331,93036060,000009.SZ,1828497,1,1828494,1805697,9.02,1100,9922.0
2026-03-31 09:30:36.160,20260331,93036160,000009.SZ,1830452,1,1830451,1805697,9.02,300,2706.0
2026-03-31 09:30:36.160,20260331,93036160,000009.SZ,1830453,1,1830451,1805705,9.02,300,2706.0
2026-03-31 09:30:36.230,20260331,93036230,000009.SZ,1831772,1,1831771,1830753,9.01,800,7208.0
2026-03-31 09:30:36.310,20260331,93036310,000009.SZ,1834129,1,1834128,1830753,9.01,600,5406.0
2026-03-31 09:30:36.360,20260331,93036360,000009.SZ,1835309,1,1835308,1830753,9.01,100,901.0
2026-03-31 09:30:36.360,20260331,93036360,000009.SZ,1835317,1,1835316,1830753,9.01,100,901.0
2026-03-31 09:30:36.360,20260331,93036360,000009.SZ,1835324,1,1835323,1830753,9.01,100,901.0
2026-03-31 09:30:36.360,20260331,93036360,000009.SZ,1835333,1,1835332,1830753,9.01,100,901.0
2026-03-31 09:30:36.360,20260331,93036360,000009.SZ,1835395,1,1835394,1830753,9.01,100,901.0
2026-03-31 09:30:36.370,20260331,93036370,000009.SZ,1835401,1,1835400,1830753,9.01,100,901.0
2026-03-31 09:30:36.370,20260331,93036370,000009.SZ,1835409,1,1835408,1830753,9.01,200,1802.0
2026-03-31 09:30:36.370,20260331,93036370,000009.SZ,1835428,1,1835427,1830753,9.01,400,3604.0
2026-03-31 09:30:36.370,20260331,93036370,000009.SZ,1835431,1,1835430,1830753,9.01,200,1802.0
2026-03-31 09:30:36.390,20260331,93036390,000009.SZ,1835917,1,1835916,1830753,9.01,300,2703.0
2026-03-31 09:30:36.390,20260331,93036390,000009.SZ,1836029,1,1836028,1805705,9.02,100,902.0
2026-03-31 09:30:36.420,20260331,93036420,000009.SZ,1836863,1,1836862,1805705,9.02,200,1804.0
2026-03-31 09:30:36.470,20260331,93036470,000009.SZ,1838500,-1,1817133,0,0.0,800,0.0
2026-03-31 09:30:36.500,20260331,93036500,000009.SZ,1839125,1,1839124,1805705,9.02,200,1804.0
2026-03-31 09:30:36.500,20260331,93036500,000009.SZ,1839126,1,1839124,1805756,9.02,400,3608.0
2026-03-31 09:30:36.670,20260331,93036670,000009.SZ,1842869,1,1842868,1805756,9.02,500,4510.0
2026-03-31 09:30:36.800,20260331,93036800,000009.SZ,1846511,1,1846510,1663623,9.03,200,1806.0
2026-03-31 09:30:36.800,20260331,93036800,000009.SZ,1846512,1,1846510,1707484,9.03,400,3612.0
2026-03-31 09:30:36.830,20260331,93036830,000009.SZ,1847201,2,1842868,1847200,9.02,300,2706.0
2026-03-31 09:30:37.030,20260331,93037030,000009.SZ,1850662,1,1850661,1847200,9.02,200,1804.0
2026-03-31 09:30:37.030,20260331,93037030,000009.SZ,1850739,1,1850738,1847200,9.02,400,3608.0
2026-03-31 09:30:37.060,20260331,93037060,000009.SZ,1851296,2,1850738,1851295,9.02,600,5412.0
2026-03-31 09:30:37.060,20260331,93037060,000009.SZ,1851305,2,1850738,1851304,9.02,700,6314.0
2026-03-31 09:30:37.060,20260331,93037060,000009.SZ,1851404,2,1850738,1851403,9.02,600,5412.0
2026-03-31 09:30:37.080,20260331,93037080,000009.SZ,1851605,2,1850738,1851604,9.02,600,5412.0
2026-03-31 09:30:37.160,20260331,93037160,000009.SZ,1853381,2,1839450,1853380,9.01,100,901.0
2026-03-31 09:30:37.330,20260331,93037330,000009.SZ,1857657,2,1839450,1857656,9.01,100,901.0
2026-03-31 09:30:37.580,20260331,93037580,000009.SZ,1862176,2,1839450,1862175,9.01,200,1802.0
2026-03-31 09:30:37.940,20260331,93037940,000009.SZ,1868135,1,1868134,1851604,9.02,100,902.0
2026-03-31 09:30:37.940,20260331,93037940,000009.SZ,1868136,1,1868134,1855878,9.02,500,4510.0
2026-03-31 09:30:37.950,20260331,93037950,000009.SZ,1868203,1,1868202,1855878,9.02,200,1804.0
2026-03-31 09:30:37.950,20260331,93037950,000009.SZ,1868204,1,1868202,1707484,9.03,400,3612.0
2026-03-31 09:30:38.030,20260331,93038030,000009.SZ,1869683,1,1869682,1725451,9.03,500,4515.0
2026-03-31 09:30:38.030,20260331,93038030,000009.SZ,1869684,1,1869682,1726401,9.03,700,6321.0
2026-03-31 09:30:38.220,20260331,93038220,000009.SZ,1872967,1,1872966,1833781,9.03,600,5418.0
2026-03-31 09:30:38.430,20260331,93038430,000009.SZ,1876350,1,1876349,1861542,9.03,1900,17157.0
2026-03-31 09:30:38.520,20260331,93038520,000009.SZ,1877594,1,1877593,1861542,9.03,600,5418.0
2026-03-31 09:30:38.610,20260331,93038610,000009.SZ,1878811,2,1839450,1878810,9.01,500,4505.0
2026-03-31 09:30:38.670,20260331,93038670,000009.SZ,1879699,1,1879698,1861542,9.03,200,1806.0
2026-03-31 09:30:38.670,20260331,93038670,000009.SZ,1879773,1,1879772,1861542,9.03,200,1806.0
2026-03-31 09:30:39.150,20260331,93039150,000009.SZ,1886574,-1,1830170,0,0.0,200,0.0
2026-03-31 09:30:39.640,20260331,93039640,000009.SZ,1897957,1,1897956,1887632,9.02,600,5412.0
2026-03-31 09:30:40.170,20260331,93040170,000009.SZ,1906904,1,1906903,1887632,9.02,600,5412.0
2026-03-31 09:30:40.360,20260331,93040360,000009.SZ,1910917,1,1910916,1887632,9.02,600,5412.0
2026-03-31 09:30:40.580,20260331,93040580,000009.SZ,1914828,-1,1644122,0,0.0,100,0.0
2026-03-31 09:30:41.050,20260331,93041050,000009.SZ,1921681,1,1921680,1903848,9.02,1100,9922.0
2026-03-31 09:30:42.350,20260331,93042350,000009.SZ,1940800,-1,0,1861542,0.0,100,0.0
2026-03-31 09:30:42.470,20260331,93042470,000009.SZ,1942748,1,1942747,1903848,9.02,300,2706.0
2026-03-31 09:30:42.470,20260331,93042470,000009.SZ,1942749,1,1942747,1890477,9.03,600,5418.0
2026-03-31 09:30:42.470,20260331,93042470,000009.SZ,1942750,1,1942747,1890508,9.03,1800,16254.0
2026-03-31 09:30:43.060,20260331,93043060,000009.SZ,1954007,2,1945509,1954006,9.02,700,6314.0
2026-03-31 09:30:43.070,20260331,93043070,000009.SZ,1954143,2,1945509,1954142,9.02,600,5412.0
2026-03-31 09:30:43.270,20260331,93043270,000009.SZ,1957067,-1,796854,0,0.0,100,0.0
2026-03-31 09:30:44.250,20260331,93044250,000009.SZ,1971323,-1,768832,0,0.0,5000,0.0
2026-03-31 09:30:45.160,20260331,93045160,000009.SZ,1983078,2,1945509,1983077,9.02,2100,18942.0
2026-03-31 09:30:45.160,20260331,93045160,000009.SZ,1983090,2,1945509,1983089,9.02,100,902.0
2026-03-31 09:30:45.160,20260331,93045160,000009.SZ,1983093,2,1947075,1983092,9.02,300,2706.0
2026-03-31 09:30:45.160,20260331,93045160,000009.SZ,1983097,2,1947075,1983096,9.02,300,2706.0
2026-03-31 09:30:45.160,20260331,93045160,000009.SZ,1983100,2,1947075,1983099,9.02,300,2706.0
2026-03-31 09:30:45.160,20260331,93045160,000009.SZ,1983101,2,1955166,1983099,9.02,300,2706.0
2026-03-31 09:30:45.180,20260331,93045180,000009.SZ,1983575,1,1983574,1983099,9.02,600,5412.0
2026-03-31 09:30:45.180,20260331,93045180,000009.SZ,1983576,1,1983574,1983102,9.02,400,3608.0
2026-03-31 09:30:45.180,20260331,93045180,000009.SZ,1983577,1,1983574,1890508,9.03,200,1806.0
2026-03-31 09:30:45.390,20260331,93045390,000009.SZ,1987664,1,1987663,1890508,9.03,100,903.0
2026-03-31 09:30:45.390,20260331,93045390,000009.SZ,1987665,1,1987663,1893159,9.03,200,1806.0
2026-03-31 09:30:45.640,20260331,93045640,000009.SZ,1992737,1,1992736,1893159,9.03,1200,10836.0
2026-03-31 09:30:45.690,20260331,93045690,000009.SZ,1993662,-1,1597141,0,0.0,300,0.0
2026-03-31 09:30:46.030,20260331,93046030,000009.SZ,1999099,2,1839450,1999098,9.01,1100,9911.0
2026-03-31 09:30:46.070,20260331,93046070,000009.SZ,1999721,1,1999720,1999177,9.01,1100,9911.0
2026-03-31 09:30:46.070,20260331,93046070,000009.SZ,1999722,1,1999720,1994997,9.02,600,5412.0
2026-03-31 09:30:46.200,20260331,93046200,000009.SZ,2001762,-1,352181,0,0.0,800,0.0
2026-03-31 09:30:46.680,20260331,93046680,000009.SZ,2009358,1,2009357,1893159,9.03,200,1806.0
2026-03-31 09:30:46.680,20260331,93046680,000009.SZ,2009359,1,2009357,1893161,9.03,700,6321.0
2026-03-31 09:30:47.030,20260331,93047030,000009.SZ,2014583,2,1999720,2014582,9.02,1300,11726.0
2026-03-31 09:30:47.120,20260331,93047120,000009.SZ,2015688,2,1999720,2015687,9.02,4400,39688.0
2026-03-31 09:30:47.300,20260331,93047300,000009.SZ,2017976,2,1999720,2017975,9.02,1700,15334.0
2026-03-31 09:30:47.300,20260331,93047300,000009.SZ,2017977,2,2008713,2017975,9.02,800,7216.0
2026-03-31 09:30:47.300,20260331,93047300,000009.SZ,2017978,2,1934896,2017975,9.0,4000,36000.0
2026-03-31 09:30:47.300,20260331,93047300,000009.SZ,2017979,2,1967831,2017975,9.0,400,3600.0
2026-03-31 09:30:48.150,20260331,93048150,000009.SZ,2031497,1,2031496,2017975,9.0,1300,11700.0
2026-03-31 09:30:48.230,20260331,93048230,000009.SZ,2034145,1,2034144,1893161,9.03,1800,16254.0
2026-03-31 09:30:48.420,20260331,93048420,000009.SZ,2038632,1,2038631,1893161,9.03,100,903.0
2026-03-31 09:30:48.460,20260331,93048460,000009.SZ,2039370,-1,2031507,0,0.0,1300,0.0
2026-03-31 09:30:48.460,20260331,93048460,000009.SZ,2039373,-1,2031502,0,0.0,1300,0.0
2026-03-31 09:30:48.460,20260331,93048460,000009.SZ,2039376,-1,2031510,0,0.0,1300,0.0
2026-03-31 09:30:48.460,20260331,93048460,000009.SZ,2039379,-1,2031499,0,0.0,1300,0.0
2026-03-31 09:30:48.460,20260331,93048460,000009.SZ,2039383,-1,2031511,0,0.0,1300,0.0
2026-03-31 09:30:48.460,20260331,93048460,000009.SZ,2039384,-1,2031498,0,0.0,1300,0.0
2026-03-31 09:30:48.460,20260331,93048460,000009.SZ,2039395,-1,2031508,0,0.0,1300,0.0
2026-03-31 09:30:49.290,20260331,93049290,000009.SZ,2055391,2,2049285,2055390,9.02,600,5412.0
2026-03-31 09:30:49.480,20260331,93049480,000009.SZ,2059116,-1,2031549,0,0.0,200,0.0
2026-03-31 09:30:49.480,20260331,93049480,000009.SZ,2059131,-1,2031504,0,0.0,1300,0.0
2026-03-31 09:30:49.810,20260331,93049810,000009.SZ,2064720,2,2031536,2064719,9.01,600,5406.0
2026-03-31 09:30:49.810,20260331,93049810,000009.SZ,2064721,2,2031558,2064719,9.01,600,5406.0
2026-03-31 09:30:49.810,20260331,93049810,000009.SZ,2064722,2,2031503,2064719,9.0,500,4500.0
2026-03-31 09:30:49.860,20260331,93049860,000009.SZ,2065367,-1,1950094,0,0.0,100,0.0
2026-03-31 09:30:50.370,20260331,93050370,000009.SZ,2073031,2,2031503,2073030,9.0,800,7200.0
2026-03-31 09:30:50.370,20260331,93050370,000009.SZ,2073032,2,2031516,2073030,9.0,1300,11700.0
2026-03-31 09:30:50.370,20260331,93050370,000009.SZ,2073033,2,2031517,2073030,9.0,500,4500.0
2026-03-31 09:30:50.370,20260331,93050370,000009.SZ,2073035,2,2031517,2073034,9.0,800,7200.0
2026-03-31 09:30:50.370,20260331,93050370,000009.SZ,2073036,2,2034327,2073034,9.0,100,900.0
2026-03-31 09:30:50.370,20260331,93050370,000009.SZ,2073037,2,2040890,2073034,9.0,300,2700.0
2026-03-31 09:30:50.440,20260331,93050440,000009.SZ,2074498,1,2074497,2073034,9.0,1400,12600.0
2026-03-31 09:30:50.440,20260331,93050440,000009.SZ,2074499,1,2074497,2073038,9.0,1000,9000.0
2026-03-31 09:30:50.520,20260331,93050520,000009.SZ,2075902,1,2075901,2073038,9.0,200,1800.0
2026-03-31 09:30:50.680,20260331,93050680,000009.SZ,2078893,1,2078892,2073038,9.0,200,1800.0
2026-03-31 09:30:51.150,20260331,93051150,000009.SZ,2087520,1,2087519,2073038,9.0,100,900.0
2026-03-31 09:30:51.390,20260331,93051390,000009.SZ,2093655,-1,0,2073038,0.0,1100,0.0
2026-03-31 09:30:51.390,20260331,93051390,000009.SZ,2093657,-1,0,2073039,0.0,2600,0.0
2026-03-31 09:30:51.390,20260331,93051390,000009.SZ,2093658,-1,0,2073040,0.0,2600,0.0
2026-03-31 09:30:51.460,20260331,93051460,000009.SZ,2094922,-1,2031132,0,0.0,400,0.0
2026-03-31 09:30:51.620,20260331,93051620,000009.SZ,2098543,-1,0,2077728,0.0,1200,0.0
2026-03-31 09:30:51.620,20260331,93051620,000009.SZ,2098577,1,2098576,2055390,9.02,600,5412.0
2026-03-31 09:30:52.260,20260331,93052260,000009.SZ,2108455,-1,2087518,0,0.0,200,0.0
2026-03-31 09:30:52.950,20260331,93052950,000009.SZ,2121645,-1,2098811,0,0.0,100,0.0
2026-03-31 09:30:52.990,20260331,93052990,000009.SZ,2122153,1,2122152,2055390,9.02,500,4510.0
2026-03-31 09:30:53.290,20260331,93053290,000009.SZ,2126457,2,2104914,2126456,9.0,900,8100.0
2026-03-31 09:30:53.570,20260331,93053570,000009.SZ,2131524,1,2131523,2126456,9.0,300,2700.0
2026-03-31 09:30:53.570,20260331,93053570,000009.SZ,2131525,1,2131523,2055390,9.02,1500,13530.0
2026-03-31 09:30:53.570,20260331,93053570,000009.SZ,2131526,1,2131523,2066317,9.02,3200,28864.0
2026-03-31 09:30:53.720,20260331,93053720,000009.SZ,2134453,1,2134452,2066317,9.02,600,5412.0
2026-03-31 09:30:53.790,20260331,93053790,000009.SZ,2135497,2,1341339,2135496,8.99,4900,44051.0
2026-03-31 09:30:53.790,20260331,93053790,000009.SZ,2135498,2,1641301,2135496,8.99,100,899.0
2026-03-31 09:30:53.790,20260331,93053790,000009.SZ,2135499,2,1641489,2135496,8.99,100,899.0
2026-03-31 09:30:53.790,20260331,93053790,000009.SZ,2135500,2,1714295,2135496,8.99,8200,73718.0
2026-03-31 09:30:53.790,20260331,93053790,000009.SZ,2135501,2,1781565,2135496,8.99,200,1798.0
2026-03-31 09:30:53.790,20260331,93053790,000009.SZ,2135502,2,1975179,2135496,8.99,500,4495.0
2026-03-31 09:30:53.840,20260331,93053840,000009.SZ,2136437,2,42385,2136436,8.98,2300,20654.0
2026-03-31 09:30:53.840,20260331,93053840,000009.SZ,2136438,2,957025,2136436,8.98,400,3592.0
2026-03-31 09:30:53.840,20260331,93053840,000009.SZ,2136439,2,1194748,2136436,8.98,100,898.0
2026-03-31 09:30:53.840,20260331,93053840,000009.SZ,2136440,2,1195634,2136436,8.98,1200,10776.0
2026-03-31 09:30:53.840,20260331,93053840,000009.SZ,2136441,2,1612083,2136436,8.98,1000,8980.0
2026-03-31 09:30:53.840,20260331,93053840,000009.SZ,2136442,2,2110101,2136436,8.98,100,898.0
2026-03-31 09:30:53.840,20260331,93053840,000009.SZ,2136443,2,2110103,2136436,8.98,100,898.0
2026-03-31 09:30:54.100,20260331,93054100,000009.SZ,2140949,1,2140948,2135496,8.99,600,5394.0
2026-03-31 09:30:54.160,20260331,93054160,000009.SZ,2142259,1,2142258,2135496,8.99,400,3596.0
2026-03-31 09:30:54.160,20260331,93054160,000009.SZ,2142260,1,2142258,2137187,9.0,100,900.0
2026-03-31 09:30:54.460,20260331,93054460,000009.SZ,2148734,2,2142258,2148733,9.0,100,900.0
2026-03-31 09:30:54.690,20260331,93054690,000009.SZ,2153719,2,2142258,2153718,9.0,1300,11700.0
2026-03-31 09:30:54.800,20260331,93054800,000009.SZ,2156017,2,2142258,2156016,9.0,500,4500.0
2026-03-31 09:30:54.850,20260331,93054850,000009.SZ,2157173,-1,0,1645458,0.0,300,0.0
2026-03-31 09:30:55.490,20260331,93055490,000009.SZ,2171015,1,2171014,2156016,9.0,500,4500.0
2026-03-31 09:30:55.580,20260331,93055580,000009.SZ,2173019,-1,0,1782201,0.0,100,0.0
2026-03-31 09:30:56.570,20260331,93056570,000009.SZ,2193516,2,2158054,2193515,8.99,500,4495.0
2026-03-31 09:30:56.570,20260331,93056570,000009.SZ,2193517,2,2171469,2193515,8.99,500,4495.0
2026-03-31 09:30:56.570,20260331,93056570,000009.SZ,2193518,2,2171470,2193515,8.99,200,1798.0
2026-03-31 09:30:56.570,20260331,93056570,000009.SZ,2193519,2,2144455,2193515,8.98,800,7184.0
2026-03-31 09:30:56.570,20260331,93056570,000009.SZ,2193520,2,2155151,2193515,8.98,3000,26940.0
2026-03-31 09:30:56.600,20260331,93056600,000009.SZ,2194007,-1,0,2076476,0.0,100,0.0
2026-03-31 09:30:56.650,20260331,93056650,000009.SZ,2195108,1,2195107,2156016,9.0,100,900.0
2026-03-31 09:30:57.170,20260331,93057170,000009.SZ,2206029,-1,0,2163302,0.0,500,0.0
2026-03-31 09:30:57.620,20260331,93057620,000009.SZ,2215441,1,2215440,2195717,8.99,100,899.0
2026-03-31 09:30:57.720,20260331,93057720,000009.SZ,2217147,-1,2195060,0,0.0,100,0.0
2026-03-31 09:30:57.870,20260331,93057870,000009.SZ,2219592,1,2219591,2216005,8.99,900,8091.0
2026-03-31 09:30:57.870,20260331,93057870,000009.SZ,2219593,1,2219591,2156016,9.0,800,7200.0
2026-03-31 09:30:57.870,20260331,93057870,000009.SZ,2219594,1,2219591,2066317,9.02,700,6314.0
2026-03-31 09:30:58.310,20260331,93058310,000009.SZ,2227557,1,2227556,2220024,9.0,900,8100.0
2026-03-31 09:30:58.310,20260331,93058310,000009.SZ,2227558,1,2227556,2220238,9.0,100,900.0
2026-03-31 09:30:58.310,20260331,93058310,000009.SZ,2227559,1,2227556,2220048,9.01,200,1802.0
2026-03-31 09:30:58.720,20260331,93058720,000009.SZ,2235473,1,2235472,2232227,8.99,900,8091.0
2026-03-31 09:30:58.720,20260331,93058720,000009.SZ,2235474,1,2235472,2232534,8.99,300,2697.0
2026-03-31 09:30:58.770,20260331,93058770,000009.SZ,2236389,-1,0,2045579,0.0,1200,0.0
2026-03-31 09:30:59.150,20260331,93059150,000009.SZ,2242190,1,2242189,2232534,8.99,800,7192.0
2026-03-31 09:30:59.150,20260331,93059150,000009.SZ,2242191,1,2242189,2232535,8.99,100,899.0
2026-03-31 09:30:59.150,20260331,93059150,000009.SZ,2242192,1,2242189,2227927,9.0,300,2700.0
2026-03-31 09:30:59.200,20260331,93059200,000009.SZ,2242861,-1,2220249,0,0.0,3200,0.0
2026-03-31 09:30:59.960,20260331,93059960,000009.SZ,2254194,-1,1900360,0,0.0,1100,0.0
2026-03-31 09:31:00.350,20260331,93100350,000009.SZ,2262966,1,2262965,2242433,8.99,600,5394.0
2026-03-31 09:31:00.360,20260331,93100360,000009.SZ,2263246,1,2263245,2242433,8.99,300,2697.0
2026-03-31 09:31:00.360,20260331,93100360,000009.SZ,2263247,1,2263245,2242442,8.99,900,8091.0
2026-03-31 09:31:00.510,20260331,93100510,000009.SZ,2266695,-1,0,2229062,0.0,2700,0.0
2026-03-31 09:31:00.580,20260331,93100580,000009.SZ,2268599,1,2268598,2264350,8.99,900,8091.0
2026-03-31 09:31:00.580,20260331,93100580,000009.SZ,2268600,1,2268598,2227927,9.0,300,2700.0
2026-03-31 09:31:00.620,20260331,93100620,000009.SZ,2269603,1,2269602,2227927,9.0,300,2700.0
2026-03-31 09:31:00.620,20260331,93100620,000009.SZ,2269604,1,2269602,2228144,9.0,900,8100.0
2026-03-31 09:31:00.620,20260331,93100620,000009.SZ,2269605,1,2269602,2230309,9.0,600,5400.0
2026-03-31 09:31:00.620,20260331,93100620,000009.SZ,2269610,1,2269609,2230309,9.0,900,8100.0
2026-03-31 09:31:00.750,20260331,93100750,000009.SZ,2273363,1,2273362,2230309,9.0,600,5400.0
2026-03-31 09:31:00.900,20260331,93100900,000009.SZ,2277236,-1,0,238704,0.0,6000,0.0
2026-03-31 09:31:00.930,20260331,93100930,000009.SZ,2277934,1,2277933,2230309,9.0,300,2700.0
2026-03-31 09:31:00.930,20260331,93100930,000009.SZ,2277935,1,2277933,2230312,9.0,900,8100.0
2026-03-31 09:31:01.020,20260331,93101020,000009.SZ,2280215,2,254373,2280214,8.97,200,1794.0
2026-03-31 09:31:01.280,20260331,93101280,000009.SZ,2285765,-1,0,254405,0.0,200,0.0
2026-03-31 09:31:01.280,20260331,93101280,000009.SZ,2285917,2,2285258,2285916,8.98,100,898.0
2026-03-31 09:31:01.370,20260331,93101370,000009.SZ,2288054,1,2288053,2280443,8.99,100,899.0
2026-03-31 09:31:01.740,20260331,93101740,000009.SZ,2296608,2,2285258,2296607,8.98,100,898.0
2026-03-31 09:31:02.550,20260331,93102550,000009.SZ,2312823,1,2312822,2280443,8.99,1000,8990.0
2026-03-31 09:31:02.560,20260331,93102560,000009.SZ,2313127,-1,0,2281389,0.0,100,0.0
2026-03-31 09:31:03.260,20260331,93103260,000009.SZ,2326785,1,2326784,2280443,8.99,500,4495.0
2026-03-31 09:31:03.270,20260331,93103270,000009.SZ,2327062,2,2285258,2327061,8.98,100,898.0
2026-03-31 09:31:03.270,20260331,93103270,000009.SZ,2327063,2,2308417,2327061,8.98,300,2694.0
2026-03-31 09:31:03.270,20260331,93103270,000009.SZ,2327064,2,2324038,2327061,8.98,1100,9878.0
2026-03-31 09:31:03.350,20260331,93103350,000009.SZ,2329544,-1,0,2264456,0.0,7600,0.0
2026-03-31 09:31:03.620,20260331,93103620,000009.SZ,2336160,1,2336159,2296070,8.99,200,1798.0
2026-03-31 09:31:03.620,20260331,93103620,000009.SZ,2336161,1,2336159,2313331,8.99,100,899.0
2026-03-31 09:31:03.620,20260331,93103620,000009.SZ,2336162,1,2336159,2328447,8.99,2700,24273.0
2026-03-31 09:31:04.820,20260331,93104820,000009.SZ,2361072,1,2361071,2351952,8.98,100,898.0
2026-03-31 09:31:04.820,20260331,93104820,000009.SZ,2361073,1,2361071,2328447,8.99,100,899.0
2026-03-31 09:31:04.850,20260331,93104850,000009.SZ,2361597,2,2361327,2361596,8.98,10400,93392.0
2026-03-31 09:31:04.850,20260331,93104850,000009.SZ,2361705,2,2361327,2361704,8.98,1400,12572.0
2026-03-31 09:31:05.310,20260331,93105310,000009.SZ,2369684,1,2369683,2361968,8.98,1400,12572.0
2026-03-31 09:31:05.310,20260331,93105310,000009.SZ,2369685,1,2369683,2328447,8.99,3300,29667.0
2026-03-31 09:31:05.620,20260331,93105620,000009.SZ,2375290,-1,0,187129,0.0,1300,0.0
2026-03-31 09:31:05.850,20260331,93105850,000009.SZ,2378865,1,2378864,2328447,8.99,1500,13485.0
2026-03-31 09:31:05.850,20260331,93105850,000009.SZ,2378866,1,2378864,2370241,8.99,100,899.0
2026-03-31 09:31:06.480,20260331,93106480,000009.SZ,2393126,2,893516,2393125,8.97,1500,13455.0
2026-03-31 09:31:06.480,20260331,93106480,000009.SZ,2393127,2,2332617,2393125,8.97,3000,26910.0
2026-03-31 09:31:06.480,20260331,93106480,000009.SZ,2393128,2,2391847,2393125,8.97,400,3588.0
2026-03-31 09:31:06.850,20260331,93106850,000009.SZ,2400816,1,2400815,2389145,8.98,1200,10776.0
2026-03-31 09:31:07.010,20260331,93107010,000009.SZ,2403805,1,2403804,2389145,8.98,1200,10776.0
2026-03-31 09:31:07.260,20260331,93107260,000009.SZ,2409464,1,2409463,2389145,8.98,500,4490.0
2026-03-31 09:31:08.620,20260331,93108620,000009.SZ,2436499,1,2436498,2389145,8.98,1200,10776.0
2026-03-31 09:31:08.660,20260331,93108660,000009.SZ,2437027,1,2437026,2389145,8.98,3600,32328.0
2026-03-31 09:31:08.660,20260331,93108660,000009.SZ,2437028,1,2437026,2395239,8.98,4500,40410.0
2026-03-31 09:31:09.320,20260331,93109320,000009.SZ,2449148,1,2449147,2395239,8.98,100,898.0
2026-03-31 09:31:09.610,20260331,93109610,000009.SZ,2455484,2,2450651,2455483,8.97,1800,16146.0
2026-03-31 09:31:10.540,20260331,93110540,000009.SZ,2474532,1,2474531,2395239,8.98,1200,10776.0
2026-03-31 09:31:10.650,20260331,93110650,000009.SZ,2476779,1,2476778,2395239,8.98,2000,17960.0
2026-03-31 09:31:10.650,20260331,93110650,000009.SZ,2476780,1,2476778,2396285,8.98,800,7184.0
2026-03-31 09:31:10.830,20260331,93110830,000009.SZ,2480084,-1,0,949189,0.0,500,0.0
2026-03-31 09:31:11.550,20260331,93111550,000009.SZ,2493731,-1,0,1623933,0.0,200,0.0
2026-03-31 09:31:11.560,20260331,93111560,000009.SZ,2493742,-1,0,1623970,0.0,500,0.0
2026-03-31 09:31:11.560,20260331,93111560,000009.SZ,2493744,-1,0,1623972,0.0,500,0.0
2026-03-31 09:31:11.560,20260331,93111560,000009.SZ,2493745,-1,0,1623976,0.0,1800,0.0
2026-03-31 09:31:11.560,20260331,93111560,000009.SZ,2493747,-1,0,1623997,0.0,1500,0.0
2026-03-31 09:31:11.560,20260331,93111560,000009.SZ,2493748,-1,0,1623955,0.0,2400,0.0
2026-03-31 09:31:11.560,20260331,93111560,000009.SZ,2493749,-1,0,1623956,0.0,2600,0.0
2026-03-31 09:31:11.700,20260331,93111700,000009.SZ,2496324,-1,0,1625576,0.0,200,0.0
2026-03-31 09:31:11.700,20260331,93111700,000009.SZ,2496328,-1,0,1625571,0.0,500,0.0
2026-03-31 09:31:11.700,20260331,93111700,000009.SZ,2496330,-1,0,1625557,0.0,700,0.0
2026-03-31 09:31:11.700,20260331,93111700,000009.SZ,2496331,-1,0,1625567,0.0,500,0.0
2026-03-31 09:31:11.700,20260331,93111700,000009.SZ,2496332,-1,0,1625721,0.0,1400,0.0
2026-03-31 09:31:11.700,20260331,93111700,000009.SZ,2496335,-1,0,1625569,0.0,600,0.0
2026-03-31 09:31:11.700,20260331,93111700,000009.SZ,2496351,-1,0,1625683,0.0,700,0.0
2026-03-31 09:31:11.710,20260331,93111710,000009.SZ,2496465,-1,0,1625687,0.0,800,0.0
2026-03-31 09:31:12.190,20260331,93112190,000009.SZ,2504491,-1,0,2494562,0.0,2800,0.0
2026-03-31 09:31:12.670,20260331,93112670,000009.SZ,2515153,1,2515152,2496735,8.97,700,6279.0
2026-03-31 09:31:13.040,20260331,93113040,000009.SZ,2521658,2,276034,2521657,8.96,100,896.0
2026-03-31 09:31:13.040,20260331,93113040,000009.SZ,2521659,2,287981,2521657,8.96,2500,22400.0
2026-03-31 09:31:13.040,20260331,93113040,000009.SZ,2521660,2,466919,2521657,8.96,1500,13440.0
2026-03-31 09:31:13.040,20260331,93113040,000009.SZ,2521661,2,2372365,2521657,8.96,800,7168.0
2026-03-31 09:31:13.180,20260331,93113180,000009.SZ,2524194,1,2524193,2496735,8.97,100,897.0
2026-03-31 09:31:13.180,20260331,93113180,000009.SZ,2524195,1,2524193,2504858,8.97,1600,14352.0
2026-03-31 09:31:13.250,20260331,93113250,000009.SZ,2525422,1,2525421,2504858,8.97,1200,10764.0
2026-03-31 09:31:14.260,20260331,93114260,000009.SZ,2542653,1,2542652,2504858,8.97,200,1794.0
2026-03-31 09:31:14.640,20260331,93114640,000009.SZ,2548225,1,2548224,2506825,8.97,300,2691.0
2026-03-31 09:31:14.640,20260331,93114640,000009.SZ,2548226,1,2548224,2506834,8.97,5700,51129.0
2026-03-31 09:31:14.740,20260331,93114740,000009.SZ,2549552,2,2372365,2549551,8.96,1000,8960.0
2026-03-31 09:31:15.540,20260331,93115540,000009.SZ,2563935,1,2563934,2506834,8.97,500,4485.0
2026-03-31 09:31:15.560,20260331,93115560,000009.SZ,2564307,1,2564306,2506834,8.97,300,2691.0
2026-03-31 09:31:15.560,20260331,93115560,000009.SZ,2564308,1,2564306,2506839,8.97,2600,23322.0
2026-03-31 09:31:16.140,20260331,93116140,000009.SZ,2574532,-1,2508797,0,0.0,2900,0.0
2026-03-31 09:31:16.350,20260331,93116350,000009.SZ,2579332,1,2579331,2506839,8.97,700,6279.0
2026-03-31 09:31:17.020,20260331,93117020,000009.SZ,2590831,1,2590830,2506839,8.97,1200,10764.0
2026-03-31 09:31:18.430,20260331,93118430,000009.SZ,2612584,1,2612583,2506839,8.97,1600,14352.0
2026-03-31 09:31:18.460,20260331,93118460,000009.SZ,2613331,-1,0,2387459,0.0,5700,0.0
2026-03-31 09:31:18.460,20260331,93118460,000009.SZ,2613332,-1,0,2387466,0.0,2000,0.0
2026-03-31 09:31:18.460,20260331,93118460,000009.SZ,2613342,-1,0,2396285,0.0,800,0.0
2026-03-31 09:31:18.460,20260331,93118460,000009.SZ,2613344,-1,0,2397386,0.0,8000,0.0
2026-03-31 09:31:18.460,20260331,93118460,000009.SZ,2613348,-1,0,2396292,0.0,6200,0.0
2026-03-31 09:31:18.480,20260331,93118480,000009.SZ,2613643,-1,0,2442714,0.0,5400,0.0
2026-03-31 09:31:20.790,20260331,93120790,000009.SZ,2654426,1,2654425,2506839,8.97,300,2691.0
2026-03-31 09:31:21.410,20260331,93121410,000009.SZ,2664767,1,2664766,2506839,8.97,200,1794.0
2026-03-31 09:31:22.420,20260331,93122420,000009.SZ,2680450,-1,0,2132667,0.0,500,0.0
2026-03-31 09:31:22.670,20260331,93122670,000009.SZ,2684879,-1,2191208,0,0.0,1000,0.0
2026-03-31 09:31:22.870,20260331,93122870,000009.SZ,2687847,1,2687846,2506839,8.97,300,2691.0
2026-03-31 09:31:22.870,20260331,93122870,000009.SZ,2687848,1,2687846,2506844,8.97,1400,12558.0
2026-03-31 09:31:22.880,20260331,93122880,000009.SZ,2687939,1,2687938,2506844,8.97,100,897.0
2026-03-31 09:31:22.880,20260331,93122880,000009.SZ,2687941,1,2687940,2506844,8.97,200,1794.0
2026-03-31 09:31:22.880,20260331,93122880,000009.SZ,2687952,1,2687951,2506844,8.97,300,2691.0
2026-03-31 09:31:22.890,20260331,93122890,000009.SZ,2688106,1,2688105,2506844,8.97,100,897.0
2026-03-31 09:31:22.890,20260331,93122890,000009.SZ,2688161,1,2688160,2506844,8.97,100,897.0
2026-03-31 09:31:22.900,20260331,93122900,000009.SZ,2688203,1,2688202,2506844,8.97,100,897.0
2026-03-31 09:31:22.900,20260331,93122900,000009.SZ,2688209,1,2688208,2506844,8.97,100,897.0
2026-03-31 09:31:22.910,20260331,93122910,000009.SZ,2688353,1,2688352,2506844,8.97,100,897.0
2026-03-31 09:31:22.910,20260331,93122910,000009.SZ,2688357,1,2688356,2506844,8.97,100,897.0
2026-03-31 09:31:22.910,20260331,93122910,000009.SZ,2688454,1,2688453,2506844,8.97,100,897.0
2026-03-31 09:31:22.920,20260331,93122920,000009.SZ,2688550,1,2688549,2506844,8.97,100,897.0
2026-03-31 09:31:22.920,20260331,93122920,000009.SZ,2688559,1,2688558,2506844,8.97,100,897.0
2026-03-31 09:31:22.930,20260331,93122930,000009.SZ,2688613,1,2688612,2506844,8.97,200,1794.0
2026-03-31 09:31:22.950,20260331,93122950,000009.SZ,2688990,1,2688989,2506844,8.97,100,897.0
2026-03-31 09:31:23.090,20260331,93123090,000009.SZ,2690953,1,2690952,2506844,8.97,1400,12558.0
2026-03-31 09:31:23.440,20260331,93123440,000009.SZ,2695679,1,2695678,2506844,8.97,100,897.0
2026-03-31 09:31:23.440,20260331,93123440,000009.SZ,2695682,1,2695681,2506844,8.97,100,897.0
2026-03-31 09:31:23.440,20260331,93123440,000009.SZ,2695683,1,2695681,2509774,8.97,400,3588.0
2026-03-31 09:31:23.440,20260331,93123440,000009.SZ,2695693,1,2695692,2509774,8.97,100,897.0
2026-03-31 09:31:23.440,20260331,93123440,000009.SZ,2695694,1,2695692,2517151,8.97,100,897.0
2026-03-31 09:31:23.460,20260331,93123460,000009.SZ,2695944,1,2695943,2517151,8.97,200,1794.0
2026-03-31 09:31:23.530,20260331,93123530,000009.SZ,2697207,-1,847975,0,0.0,4500,0.0
2026-03-31 09:31:24.240,20260331,93124240,000009.SZ,2707474,1,2707473,2517151,8.97,400,3588.0
2026-03-31 09:31:24.240,20260331,93124240,000009.SZ,2707475,1,2707473,2557694,8.97,100,897.0
2026-03-31 09:31:24.240,20260331,93124240,000009.SZ,2707476,1,2707473,2659961,8.97,500,4485.0
2026-03-31 09:31:25.230,20260331,93125230,000009.SZ,2724528,1,2724527,2659961,8.97,300,2691.0
2026-03-31 09:31:25.230,20260331,93125230,000009.SZ,2724529,1,2724527,2660408,8.97,200,1794.0
2026-03-31 09:31:25.230,20260331,93125230,000009.SZ,2724530,1,2724527,2700469,8.97,100,897.0
2026-03-31 09:31:25.270,20260331,93125270,000009.SZ,2725226,-1,0,2411255,0.0,5800,0.0
2026-03-31 09:31:28.390,20260331,93128390,000009.SZ,2768374,1,2768373,2423504,8.98,200,1796.0
2026-03-31 09:31:28.390,20260331,93128390,000009.SZ,2768375,1,2768373,2493076,8.98,1300,11674.0
2026-03-31 09:31:28.390,20260331,93128390,000009.SZ,2768376,1,2768373,2523012,8.98,900,8082.0
2026-03-31 09:31:28.420,20260331,93128420,000009.SZ,2769016,1,2769015,2523012,8.98,100,898.0
2026-03-31 09:31:28.440,20260331,93128440,000009.SZ,2769379,1,2769378,2523012,8.98,100,898.0
2026-03-31 09:31:28.470,20260331,93128470,000009.SZ,2769776,1,2769775,2523012,8.98,100,898.0
2026-03-31 09:31:28.510,20260331,93128510,000009.SZ,2770313,1,2770312,2523012,8.98,100,898.0
2026-03-31 09:31:28.610,20260331,93128610,000009.SZ,2771697,1,2771696,2523012,8.98,600,5388.0
2026-03-31 09:31:28.690,20260331,93128690,000009.SZ,2772865,1,2772864,2523012,8.98,100,898.0
2026-03-31 09:31:29.540,20260331,93129540,000009.SZ,2784012,1,2784011,2523012,8.98,1200,10776.0
2026-03-31 09:31:29.540,20260331,93129540,000009.SZ,2784039,1,2784038,2523012,8.98,1200,10776.0
2026-03-31 09:31:30.200,20260331,93130200,000009.SZ,2793811,-1,2707660,0,0.0,1600,0.0
2026-03-31 09:31:31.080,20260331,93131080,000009.SZ,2808686,1,2808685,2370241,8.99,200,1798.0
2026-03-31 09:31:31.170,20260331,93131170,000009.SZ,2810265,-1,0,995160,0.0,500,0.0
2026-03-31 09:31:32.320,20260331,93132320,000009.SZ,2827857,1,2827856,2370241,8.99,100,899.0
2026-03-31 09:31:32.990,20260331,93132990,000009.SZ,2836350,2,2784038,2836349,8.98,500,4490.0
2026-03-31 09:31:32.990,20260331,93132990,000009.SZ,2836351,2,2784185,2836349,8.98,1200,10776.0
2026-03-31 09:31:32.990,20260331,93132990,000009.SZ,2836352,2,2833075,2836349,8.98,200,1796.0
2026-03-31 09:31:34.120,20260331,93134120,000009.SZ,2855908,-1,1630901,0,0.0,5000,0.0
2026-03-31 09:31:34.250,20260331,93134250,000009.SZ,2858117,-1,2838678,0,0.0,200,0.0
2026-03-31 09:31:36.070,20260331,93136070,000009.SZ,2885896,-1,2760509,0,0.0,1000,0.0
2026-03-31 09:31:36.430,20260331,93136430,000009.SZ,2891564,1,2891563,2370241,8.99,600,5394.0
2026-03-31 09:31:36.530,20260331,93136530,000009.SZ,2893624,2,2833075,2893623,8.98,2000,17960.0
2026-03-31 09:31:36.870,20260331,93136870,000009.SZ,2899209,2,2833075,2899208,8.98,100,898.0
2026-03-31 09:31:37.180,20260331,93137180,000009.SZ,2903768,2,2833075,2903767,8.98,700,6286.0
2026-03-31 09:31:37.180,20260331,93137180,000009.SZ,2903769,2,2887894,2903767,8.98,300,2694.0
2026-03-31 09:31:37.480,20260331,93137480,000009.SZ,2908597,1,2908596,2370241,8.99,600,5394.0
2026-03-31 09:31:37.680,20260331,93137680,000009.SZ,2911819,2,2887894,2911818,8.98,100,898.0
2026-03-31 09:31:39.150,20260331,93139150,000009.SZ,2929831,2,2887894,2929830,8.98,200,1796.0
2026-03-31 09:31:39.150,20260331,93139150,000009.SZ,2929832,2,2887983,2929830,8.98,600,5388.0
2026-03-31 09:31:39.150,20260331,93139150,000009.SZ,2929833,2,2888014,2929830,8.98,100,898.0
2026-03-31 09:31:39.290,20260331,93139290,000009.SZ,2932285,-1,0,877967,0.0,500,0.0
2026-03-31 09:31:40.380,20260331,93140380,000009.SZ,2948842,1,2948841,2370241,8.99,1200,10788.0
2026-03-31 09:31:40.880,20260331,93140880,000009.SZ,2954853,1,2954852,2370241,8.99,3200,28768.0
2026-03-31 09:31:40.900,20260331,93140900,000009.SZ,2955071,-1,0,2228154,0.0,3600,0.0
2026-03-31 09:31:40.930,20260331,93140930,000009.SZ,2955365,-1,0,2253176,0.0,2000,0.0
2026-03-31 09:31:41.960,20260331,93141960,000009.SZ,2967943,2,2954852,2967942,8.99,200,1798.0
2026-03-31 09:31:41.960,20260331,93141960,000009.SZ,2967944,2,2888014,2967942,8.98,2700,24246.0
2026-03-31 09:31:41.960,20260331,93141960,000009.SZ,2967945,2,2925780,2967942,8.98,1200,10776.0
2026-03-31 09:31:41.960,20260331,93141960,000009.SZ,2967946,2,2928582,2967942,8.98,400,3592.0
2026-03-31 09:31:41.960,20260331,93141960,000009.SZ,2967947,2,2743067,2967942,8.97,3100,27807.0
2026-03-31 09:31:41.960,20260331,93141960,000009.SZ,2967948,2,2747942,2967942,8.97,500,4485.0
2026-03-31 09:31:41.960,20260331,93141960,000009.SZ,2967949,2,2806467,2967942,8.97,500,4485.0
2026-03-31 09:31:41.960,20260331,93141960,000009.SZ,2967950,2,2899542,2967942,8.97,100,897.0
2026-03-31 09:31:41.960,20260331,93141960,000009.SZ,2967951,2,2904771,2967942,8.97,500,4485.0
2026-03-31 09:31:41.960,20260331,93141960,000009.SZ,2967952,2,2926373,2967942,8.97,500,4485.0
2026-03-31 09:31:41.970,20260331,93141970,000009.SZ,2968101,1,2968100,2967942,8.97,1800,16146.0
2026-03-31 09:31:41.970,20260331,93141970,000009.SZ,2968103,1,2968102,2967942,8.97,1600,14352.0
2026-03-31 09:31:41.970,20260331,93141970,000009.SZ,2968106,1,2968105,2967942,8.97,1000,8970.0
2026-03-31 09:31:41.970,20260331,93141970,000009.SZ,2968108,1,2968107,2967942,8.97,47400,425178.0
2026-03-31 09:31:41.970,20260331,93141970,000009.SZ,2968181,-1,2724852,0,0.0,100,0.0
2026-03-31 09:31:42.590,20260331,93142590,000009.SZ,2977263,1,2977262,2230312,9.0,500,4500.0
2026-03-31 09:31:42.590,20260331,93142590,000009.SZ,2977264,1,2977262,2230322,9.0,1600,14400.0
2026-03-31 09:31:42.590,20260331,93142590,000009.SZ,2977265,1,2977262,2230340,9.0,1500,13500.0
2026-03-31 09:31:42.670,20260331,93142670,000009.SZ,2978227,1,2978226,2230340,9.0,700,6300.0
2026-03-31 09:31:42.970,20260331,93142970,000009.SZ,2982292,-1,2968136,0,0.0,20600,0.0
2026-03-31 09:31:42.970,20260331,93142970,000009.SZ,2982293,-1,2968150,0,0.0,1600,0.0
2026-03-31 09:31:42.970,20260331,93142970,000009.SZ,2982294,-1,2968138,0,0.0,2900,0.0
2026-03-31 09:31:42.970,20260331,93142970,000009.SZ,2982295,-1,2968154,0,0.0,11100,0.0
2026-03-31 09:31:42.970,20260331,93142970,000009.SZ,2982296,-1,2968133,0,0.0,11500,0.0
2026-03-31 09:31:42.970,20260331,93142970,000009.SZ,2982297,-1,2968167,0,0.0,8700,0.0
2026-03-31 09:31:42.970,20260331,93142970,000009.SZ,2982298,-1,2968151,0,0.0,16700,0.0
2026-03-31 09:31:42.970,20260331,93142970,000009.SZ,2982299,-1,2968147,0,0.0,2200,0.0
2026-03-31 09:31:42.970,20260331,93142970,000009.SZ,2982300,-1,2968156,0,0.0,10200,0.0
2026-03-31 09:31:42.970,20260331,93142970,000009.SZ,2982302,-1,2968166,0,0.0,1800,0.0
2026-03-31 09:31:42.970,20260331,93142970,000009.SZ,2982304,-1,2968146,0,0.0,1700,0.0
2026-03-31 09:31:42.970,20260331,93142970,000009.SZ,2982305,-1,2968135,0,0.0,9500,0.0
2026-03-31 09:31:42.970,20260331,93142970,000009.SZ,2982308,-1,2968153,0,0.0,1600,0.0
2026-03-31 09:31:42.970,20260331,93142970,000009.SZ,2982309,-1,2968160,0,0.0,12100,0.0
2026-03-31 09:31:42.970,20260331,93142970,000009.SZ,2982310,-1,2968162,0,0.0,5500,0.0
2026-03-31 09:31:42.970,20260331,93142970,000009.SZ,2982311,-1,2968163,0,0.0,6400,0.0
2026-03-31 09:31:42.970,20260331,93142970,000009.SZ,2982312,-1,2968157,0,0.0,14300,0.0
2026-03-31 09:31:42.970,20260331,93142970,000009.SZ,2982313,-1,2968158,0,0.0,3200,0.0
2026-03-31 09:31:42.970,20260331,93142970,000009.SZ,2982314,-1,2968164,0,0.0,8700,0.0
2026-03-31 09:31:42.970,20260331,93142970,000009.SZ,2982315,-1,2968159,0,0.0,12600,0.0
2026-03-31 09:31:42.970,20260331,93142970,000009.SZ,2982316,-1,2968152,0,0.0,6500,0.0
2026-03-31 09:31:42.980,20260331,93142980,000009.SZ,2982519,-1,2968314,0,0.0,100,0.0
2026-03-31 09:31:43.000,20260331,93143000,000009.SZ,2982708,-1,2968270,0,0.0,100,0.0
2026-03-31 09:31:43.000,20260331,93143000,000009.SZ,2982793,-1,2968176,0,0.0,1300,0.0
2026-03-31 09:31:43.010,20260331,93143010,000009.SZ,2982840,-1,2968190,0,0.0,300,0.0
2026-03-31 09:31:43.040,20260331,93143040,000009.SZ,2983255,-1,2968218,0,0.0,50000,0.0
2026-03-31 09:31:43.060,20260331,93143060,000009.SZ,2983780,-1,2968161,0,0.0,5200,0.0
2026-03-31 09:31:43.140,20260331,93143140,000009.SZ,2984970,-1,2968271,0,0.0,2300,0.0
2026-03-31 09:31:43.160,20260331,93143160,000009.SZ,2985191,-1,2968195,0,0.0,2500,0.0
2026-03-31 09:31:43.170,20260331,93143170,000009.SZ,2985231,-1,2968471,0,0.0,2500,0.0
2026-03-31 09:31:43.170,20260331,93143170,000009.SZ,2985291,-1,2968412,0,0.0,9300,0.0
2026-03-31 09:31:43.240,20260331,93143240,000009.SZ,2986089,2,2968251,2986088,8.98,900,8082.0
2026-03-31 09:31:43.240,20260331,93143240,000009.SZ,2986090,2,2968411,2986088,8.98,1100,9878.0
2026-03-31 09:31:43.250,20260331,93143250,000009.SZ,2986296,-1,2968148,0,0.0,8900,0.0
2026-03-31 09:31:43.250,20260331,93143250,000009.SZ,2986299,-1,2968142,0,0.0,38800,0.0
2026-03-31 09:31:43.410,20260331,93143410,000009.SZ,2988495,-1,2968129,0,0.0,200,0.0
2026-03-31 09:31:43.410,20260331,93143410,000009.SZ,2988496,-1,2968122,0,0.0,18900,0.0
2026-03-31 09:31:43.410,20260331,93143410,000009.SZ,2988497,-1,2968132,0,0.0,11500,0.0
2026-03-31 09:31:43.410,20260331,93143410,000009.SZ,2988501,-1,2968214,0,0.0,16600,0.0
2026-03-31 09:31:43.410,20260331,93143410,000009.SZ,2988504,-1,2968320,0,0.0,1200,0.0
2026-03-31 09:31:43.510,20260331,93143510,000009.SZ,2989888,-1,2968110,0,0.0,51800,0.0
2026-03-31 09:31:43.520,20260331,93143520,000009.SZ,2990016,-1,0,2968378,0.0,600,0.0
2026-03-31 09:31:43.520,20260331,93143520,000009.SZ,2990018,-1,0,2968313,0.0,600,0.0
2026-03-31 09:31:43.550,20260331,93143550,000009.SZ,2990581,-1,2968123,0,0.0,2000,0.0
2026-03-31 09:31:43.750,20260331,93143750,000009.SZ,2993270,2,2990320,2993269,8.99,700,6293.0
2026-03-31 09:31:43.770,20260331,93143770,000009.SZ,2993488,-1,2968411,0,0.0,2900,0.0
2026-03-31 09:31:44.080,20260331,93144080,000009.SZ,2997125,-1,2968134,0,0.0,17000,0.0
2026-03-31 09:31:44.080,20260331,93144080,000009.SZ,2997128,-1,2968144,0,0.0,25300,0.0
2026-03-31 09:31:44.080,20260331,93144080,000009.SZ,2997130,-1,2968145,0,0.0,31200,0.0
2026-03-31 09:31:44.090,20260331,93144090,000009.SZ,2997285,-1,2968267,0,0.0,15300,0.0
2026-03-31 09:31:44.290,20260331,93144290,000009.SZ,2999780,-1,2968107,0,0.0,4400,0.0
2026-03-31 09:31:44.490,20260331,93144490,000009.SZ,3001821,2,2969245,3001820,8.98,200,1796.0
2026-03-31 09:31:44.490,20260331,93144490,000009.SZ,3001921,-1,2968126,0,0.0,1200,0.0
2026-03-31 09:31:44.490,20260331,93144490,000009.SZ,3001924,-1,2968130,0,0.0,400,0.0
2026-03-31 09:31:44.810,20260331,93144810,000009.SZ,3005428,-1,2968127,0,0.0,51800,0.0
2026-03-31 09:31:45.150,20260331,93145150,000009.SZ,3009700,2,2969245,3009699,8.98,100,898.0
2026-03-31 09:31:45.580,20260331,93145580,000009.SZ,3016433,1,3016432,2993269,8.99,1000,8990.0
2026-03-31 09:31:45.660,20260331,93145660,000009.SZ,3017549,1,3017548,2993269,8.99,200,1798.0
2026-03-31 09:31:45.960,20260331,93145960,000009.SZ,3021744,1,3021743,2993269,8.99,300,2697.0
2026-03-31 09:31:45.970,20260331,93145970,000009.SZ,3021894,-1,2968116,0,0.0,2200,0.0
2026-03-31 09:31:45.970,20260331,93145970,000009.SZ,3021898,-1,2968141,0,0.0,1600,0.0
2026-03-31 09:31:45.970,20260331,93145970,000009.SZ,3021917,-1,2968115,0,0.0,2200,0.0
2026-03-31 09:31:45.970,20260331,93145970,000009.SZ,3021919,-1,2968117,0,0.0,2200,0.0
2026-03-31 09:31:45.970,20260331,93145970,000009.SZ,3021920,-1,2968112,0,0.0,2200,0.0
2026-03-31 09:31:45.970,20260331,93145970,000009.SZ,3021922,-1,2968119,0,0.0,2200,0.0
2026-03-31 09:31:45.970,20260331,93145970,000009.SZ,3021923,-1,2968111,0,0.0,2200,0.0
2026-03-31 09:31:45.970,20260331,93145970,000009.SZ,3021924,-1,2968120,0,0.0,2200,0.0
2026-03-31 09:31:45.970,20260331,93145970,000009.SZ,3021926,-1,2968140,0,0.0,2200,0.0
2026-03-31 09:31:45.970,20260331,93145970,000009.SZ,3021928,-1,2968139,0,0.0,2200,0.0
2026-03-31 09:31:45.970,20260331,93145970,000009.SZ,3021954,-1,2968109,0,0.0,600,0.0
2026-03-31 09:31:45.970,20260331,93145970,000009.SZ,3021955,-1,2968113,0,0.0,1600,0.0
2026-03-31 09:31:45.970,20260331,93145970,000009.SZ,3021956,-1,2968114,0,0.0,1000,0.0
2026-03-31 09:31:45.970,20260331,93145970,000009.SZ,3021957,-1,2968124,0,0.0,1100,0.0
2026-03-31 09:31:45.970,20260331,93145970,000009.SZ,3021958,-1,2968118,0,0.0,400,0.0
2026-03-31 09:31:45.970,20260331,93145970,000009.SZ,3021959,-1,2968128,0,0.0,1600,0.0
2026-03-31 09:31:45.970,20260331,93145970,000009.SZ,3021960,-1,2968131,0,0.0,1600,0.0
2026-03-31 09:31:46.320,20260331,93146320,000009.SZ,3026358,1,3026357,2993269,8.99,600,5394.0
2026-03-31 09:31:46.830,20260331,93146830,000009.SZ,3033381,-1,2872785,0,0.0,5000,0.0
2026-03-31 09:31:47.000,20260331,93147000,000009.SZ,3035158,1,3035157,2993269,8.99,700,6293.0
2026-03-31 09:31:47.010,20260331,93147010,000009.SZ,3035398,-1,2968196,0,0.0,1600,0.0
2026-03-31 09:31:47.010,20260331,93147010,000009.SZ,3035433,-1,2968212,0,0.0,1200,0.0
2026-03-31 09:31:48.040,20260331,93148040,000009.SZ,3048372,2,2969245,3048371,8.98,100,898.0
2026-03-31 09:31:48.220,20260331,93148220,000009.SZ,3050904,-1,2971335,0,0.0,1700,0.0
2026-03-31 09:31:48.750,20260331,93148750,000009.SZ,3058633,-1,2385624,0,0.0,100,0.0
2026-03-31 09:31:48.940,20260331,93148940,000009.SZ,3060830,-1,0,1708493,0.0,1600,0.0
2026-03-31 09:31:49.280,20260331,93149280,000009.SZ,3064867,1,3064866,2993269,8.99,3000,26970.0
2026-03-31 09:31:49.290,20260331,93149290,000009.SZ,3065002,1,3065001,2993269,8.99,1200,10788.0
2026-03-31 09:31:49.300,20260331,93149300,000009.SZ,3065133,2,2969245,3065132,8.98,100,898.0
2026-03-31 09:31:49.300,20260331,93149300,000009.SZ,3065134,2,2969345,3065132,8.98,500,4490.0
2026-03-31 09:31:49.300,20260331,93149300,000009.SZ,3065135,2,2988374,3065132,8.98,300,2694.0
2026-03-31 09:31:49.340,20260331,93149340,000009.SZ,3065651,-1,2968672,0,0.0,200,0.0
2026-03-31 09:31:49.820,20260331,93149820,000009.SZ,3071323,1,3071322,2993269,8.99,18000,161820.0
2026-03-31 09:31:49.820,20260331,93149820,000009.SZ,3071335,-1,2372365,0,0.0,3800,0.0
2026-03-31 09:31:49.820,20260331,93149820,000009.SZ,3071363,1,3071362,2993269,8.99,100,899.0
2026-03-31 09:31:49.820,20260331,93149820,000009.SZ,3071367,1,3071366,2993269,8.99,6200,55738.0
2026-03-31 09:31:49.820,20260331,93149820,000009.SZ,3071368,1,3071366,2993271,8.99,3100,27869.0
2026-03-31 09:31:49.820,20260331,93149820,000009.SZ,3071369,1,3071366,3003372,8.99,1300,11687.0
2026-03-31 09:31:49.830,20260331,93149830,000009.SZ,3071393,1,3071392,3003372,8.99,1400,12586.0
2026-03-31 09:31:49.830,20260331,93149830,000009.SZ,3071394,-1,0,2220059,0.0,900,0.0
2026-03-31 09:31:49.830,20260331,93149830,000009.SZ,3071407,1,3071406,3003372,8.99,1100,9889.0
2026-03-31 09:31:49.850,20260331,93149850,000009.SZ,3071610,-1,2930636,0,0.0,100,0.0
2026-03-31 09:31:49.900,20260331,93149900,000009.SZ,3072097,2,3071406,3072096,8.99,300,2697.0
2026-03-31 09:31:50.100,20260331,93150100,000009.SZ,3074719,-1,429209,0,0.0,1600,0.0
2026-03-31 09:31:50.270,20260331,93150270,000009.SZ,3076930,2,3071419,3076929,8.99,2500,22475.0
2026-03-31 09:31:50.270,20260331,93150270,000009.SZ,3076931,2,3071474,3076929,8.99,300,2697.0
2026-03-31 09:31:50.270,20260331,93150270,000009.SZ,3076932,2,3071475,3076929,8.99,100,899.0
2026-03-31 09:31:50.270,20260331,93150270,000009.SZ,3076933,2,3071476,3076929,8.99,500,4495.0
2026-03-31 09:31:50.870,20260331,93150870,000009.SZ,3083115,-1,3071480,0,0.0,100,0.0
2026-03-31 09:31:51.310,20260331,93151310,000009.SZ,3089165,-1,3056222,0,0.0,2900,0.0
2026-03-31 09:31:52.860,20260331,93152860,000009.SZ,3108342,-1,3027089,0,0.0,1200,0.0
2026-03-31 09:31:53.430,20260331,93153430,000009.SZ,3114852,2,3079159,3114851,8.99,100,899.0
2026-03-31 09:31:53.850,20260331,93153850,000009.SZ,3119227,-1,3090373,0,0.0,2800,0.0
2026-03-31 09:31:54.750,20260331,93154750,000009.SZ,3130188,-1,796483,0,0.0,100,0.0
2026-03-31 09:31:54.770,20260331,93154770,000009.SZ,3130525,2,3079159,3130524,8.99,1000,8990.0
2026-03-31 09:31:54.830,20260331,93154830,000009.SZ,3131269,-1,3079159,0,0.0,100,0.0
2026-03-31 09:31:58.210,20260331,93158210,000009.SZ,3174179,2,3163907,3174178,8.99,100,899.0
2026-03-31 09:31:58.210,20260331,93158210,000009.SZ,3174187,2,3163907,3174186,8.99,100,899.0
2026-03-31 09:31:58.220,20260331,93158220,000009.SZ,3174196,2,3163907,3174195,8.99,100,899.0
2026-03-31 09:31:58.220,20260331,93158220,000009.SZ,3174208,2,3163907,3174207,8.99,100,899.0
2026-03-31 09:31:59.130,20260331,93159130,000009.SZ,3184293,1,3184292,2230340,9.0,100,900.0
2026-03-31 09:31:59.630,20260331,93159630,000009.SZ,3189383,-1,2672654,0,0.0,1500,0.0
2026-03-31 09:32:00.170,20260331,93200170,000009.SZ,3195272,-1,3160726,0,0.0,100,0.0
2026-03-31 09:32:00.210,20260331,93200210,000009.SZ,3195969,1,3195968,2230340,9.0,200,1800.0
2026-03-31 09:32:00.370,20260331,93200370,000009.SZ,3198243,-1,0,2115862,0.0,18700,0.0
2026-03-31 09:32:00.960,20260331,93200960,000009.SZ,3208174,-1,3071539,0,0.0,7600,0.0
2026-03-31 09:32:01.190,20260331,93201190,000009.SZ,3211349,-1,0,393699,0.0,6000,0.0
2026-03-31 09:32:01.620,20260331,93201620,000009.SZ,3216998,-1,3102232,0,0.0,500,0.0
2026-03-31 09:32:01.630,20260331,93201630,000009.SZ,3217184,1,3217183,2230340,9.0,100,900.0
2026-03-31 09:32:01.710,20260331,93201710,000009.SZ,3218189,2,3163907,3218188,8.99,200,1798.0
2026-03-31 09:32:03.850,20260331,93203850,000009.SZ,3244168,2,3163907,3244167,8.99,600,5394.0
2026-03-31 09:32:03.850,20260331,93203850,000009.SZ,3244169,2,3208072,3244167,8.99,100,899.0
2026-03-31 09:32:06.440,20260331,93206440,000009.SZ,3278461,-1,3208072,0,0.0,7500,0.0
2026-03-31 09:32:07.850,20260331,93207850,000009.SZ,3296454,-1,2385926,0,0.0,100,0.0
2026-03-31 09:32:08.460,20260331,93208460,000009.SZ,3303134,2,3258422,3303133,8.99,1000,8990.0
2026-03-31 09:32:08.480,20260331,93208480,000009.SZ,3303402,2,3258422,3303401,8.99,1000,8990.0
2026-03-31 09:32:08.480,20260331,93208480,000009.SZ,3303403,2,3267985,3303401,8.99,1400,12586.0
2026-03-31 09:32:08.490,20260331,93208490,000009.SZ,3303565,-1,2968269,0,0.0,3900,0.0
2026-03-31 09:32:08.500,20260331,93208500,000009.SZ,3303627,1,3303626,3303419,8.99,300,2697.0
2026-03-31 09:32:08.670,20260331,93208670,000009.SZ,3305549,1,3305548,3303419,8.99,600,5394.0
2026-03-31 09:32:08.750,20260331,93208750,000009.SZ,3306500,-1,2930640,0,0.0,100,0.0
2026-03-31 09:32:09.980,20260331,93209980,000009.SZ,3322090,1,3322089,3303419,8.99,200,1798.0
2026-03-31 09:32:09.980,20260331,93209980,000009.SZ,3322092,1,3322091,3303419,8.99,300,2697.0
2026-03-31 09:32:09.990,20260331,93209990,000009.SZ,3322208,1,3322207,3303419,8.99,100,899.0
2026-03-31 09:32:09.990,20260331,93209990,000009.SZ,3322268,1,3322267,3303419,8.99,200,1798.0
2026-03-31 09:32:10.380,20260331,93210380,000009.SZ,3326682,1,3326681,3303419,8.99,200,1798.0
2026-03-31 09:32:10.380,20260331,93210380,000009.SZ,3326687,1,3326686,3303419,8.99,100,899.0
2026-03-31 09:32:10.380,20260331,93210380,000009.SZ,3326690,1,3326689,3303419,8.99,100,899.0
2026-03-31 09:32:10.740,20260331,93210740,000009.SZ,3330902,2,3326689,3330901,8.99,100,899.0
2026-03-31 09:32:10.740,20260331,93210740,000009.SZ,3330903,2,3326894,3330901,8.99,200,1798.0
2026-03-31 09:32:10.760,20260331,93210760,000009.SZ,3331077,1,3331076,3330901,8.99,200,1798.0
2026-03-31 09:32:10.760,20260331,93210760,000009.SZ,3331126,1,3331125,2230340,9.0,200,1800.0
2026-03-31 09:32:11.160,20260331,93211160,000009.SZ,3335277,1,3335276,2230340,9.0,400,3600.0
2026-03-31 09:32:11.390,20260331,93211390,000009.SZ,3338020,2,3335058,3338019,8.99,100,899.0
2026-03-31 09:32:11.550,20260331,93211550,000009.SZ,3339567,2,3026306,3339566,8.98,100,898.0
2026-03-31 09:32:11.550,20260331,93211550,000009.SZ,3339568,2,3035438,3339566,8.98,700,6286.0
2026-03-31 09:32:12.890,20260331,93212890,000009.SZ,3356017,1,3356016,2230340,9.0,800,7200.0
2026-03-31 09:32:12.890,20260331,93212890,000009.SZ,3356018,1,3356016,2232334,9.0,200,1800.0
2026-03-31 09:32:12.900,20260331,93212900,000009.SZ,3356127,1,3356126,2232334,9.0,600,5400.0
2026-03-31 09:32:12.900,20260331,93212900,000009.SZ,3356152,1,3356151,2232334,9.0,100,900.0
2026-03-31 09:32:12.910,20260331,93212910,000009.SZ,3356234,1,3356233,2232334,9.0,100,900.0
2026-03-31 09:32:12.910,20260331,93212910,000009.SZ,3356237,1,3356236,2232334,9.0,900,8100.0
2026-03-31 09:32:12.910,20260331,93212910,000009.SZ,3356238,1,3356236,2232337,9.0,1400,12600.0
2026-03-31 09:32:12.910,20260331,93212910,000009.SZ,3356271,1,3356270,2232337,9.0,200,1800.0
2026-03-31 09:32:12.910,20260331,93212910,000009.SZ,3356272,1,3356270,2232456,9.0,600,5400.0
2026-03-31 09:32:12.940,20260331,93212940,000009.SZ,3356559,1,3356558,2232456,9.0,500,4500.0
2026-03-31 09:32:14.150,20260331,93214150,000009.SZ,3371469,1,3371468,2232456,9.0,1000,9000.0
2026-03-31 09:32:14.150,20260331,93214150,000009.SZ,3371470,1,3371468,2387420,9.0,800,7200.0
2026-03-31 09:32:14.290,20260331,93214290,000009.SZ,3372993,2,3346274,3372992,8.99,100,899.0
2026-03-31 09:32:14.290,20260331,93214290,000009.SZ,3372994,2,3356411,3372992,8.99,4900,44051.0
2026-03-31 09:32:14.300,20260331,93214300,000009.SZ,3373117,1,3373116,3372992,8.99,200,1798.0
2026-03-31 09:32:14.540,20260331,93214540,000009.SZ,3375800,2,3373222,3375799,8.99,700,6293.0
2026-03-31 09:32:15.650,20260331,93215650,000009.SZ,3388457,-1,794859,0,0.0,3000,0.0
2026-03-31 09:32:16.420,20260331,93216420,000009.SZ,3398732,-1,3314940,0,0.0,500,0.0
2026-03-31 09:32:17.710,20260331,93217710,000009.SZ,3413041,2,3373222,3413040,8.99,500,4495.0
2026-03-31 09:32:17.710,20260331,93217710,000009.SZ,3413042,2,3373232,3413040,8.99,100,899.0
2026-03-31 09:32:17.950,20260331,93217950,000009.SZ,3415318,2,3373232,3415317,8.99,200,1798.0
2026-03-31 09:32:18.060,20260331,93218060,000009.SZ,3416568,-1,3373232,0,0.0,900,0.0
2026-03-31 09:32:20.580,20260331,93220580,000009.SZ,3447108,-1,294751,0,0.0,1000,0.0
2026-03-31 09:32:20.690,20260331,93220690,000009.SZ,3448119,2,3384289,3448118,8.99,400,3596.0
2026-03-31 09:32:21.230,20260331,93221230,000009.SZ,3453775,-1,2550899,0,0.0,1000,0.0
2026-03-31 09:32:21.480,20260331,93221480,000009.SZ,3456612,2,3384289,3456611,8.99,100,899.0
2026-03-31 09:32:21.480,20260331,93221480,000009.SZ,3456613,2,3398835,3456611,8.99,100,899.0
2026-03-31 09:32:22.370,20260331,93222370,000009.SZ,3466565,-1,2701114,0,0.0,200,0.0
2026-03-31 09:32:22.750,20260331,93222750,000009.SZ,3470823,-1,3346446,0,0.0,100,0.0
2026-03-31 09:32:23.800,20260331,93223800,000009.SZ,3481117,-1,3157861,0,0.0,2400,0.0
2026-03-31 09:32:24.080,20260331,93224080,000009.SZ,3483715,2,3398835,3483714,8.99,100,899.0
2026-03-31 09:32:24.080,20260331,93224080,000009.SZ,3483716,2,3438920,3483714,8.99,400,3596.0
2026-03-31 09:32:25.640,20260331,93225640,000009.SZ,3502878,2,3438920,3502877,8.99,1100,9889.0
2026-03-31 09:32:25.640,20260331,93225640,000009.SZ,3502879,2,3452796,3502877,8.99,100,899.0
2026-03-31 09:32:25.640,20260331,93225640,000009.SZ,3502880,2,3471856,3502877,8.99,1700,15283.0
2026-03-31 09:32:25.880,20260331,93225880,000009.SZ,3505405,-1,2900661,0,0.0,6300,0.0
2026-03-31 09:32:26.910,20260331,93226910,000009.SZ,3515725,2,3471856,3515724,8.99,2400,21576.0
2026-03-31 09:32:26.910,20260331,93226910,000009.SZ,3515726,2,3492418,3515724,8.99,100,899.0
2026-03-31 09:32:26.910,20260331,93226910,000009.SZ,3515727,2,3512371,3515724,8.99,2900,26071.0
2026-03-31 09:32:26.910,20260331,93226910,000009.SZ,3515728,2,3035438,3515724,8.98,300,2694.0
2026-03-31 09:32:26.910,20260331,93226910,000009.SZ,3515729,2,3059964,3515724,8.98,2600,23348.0
2026-03-31 09:32:26.910,20260331,93226910,000009.SZ,3515730,2,3078187,3515724,8.98,2100,18858.0
2026-03-31 09:32:27.330,20260331,93227330,000009.SZ,3520684,2,3078187,3520683,8.98,400,3592.0
2026-03-31 09:32:27.860,20260331,93227860,000009.SZ,3527632,-1,3346443,0,0.0,100,0.0
2026-03-31 09:32:27.880,20260331,93227880,000009.SZ,3528028,1,3528027,2387420,9.0,100,900.0
2026-03-31 09:32:28.750,20260331,93228750,000009.SZ,3538002,-1,1770623,0,0.0,100,0.0
2026-03-31 09:32:30.200,20260331,93230200,000009.SZ,3553651,2,3078187,3553650,8.98,400,3592.0
2026-03-31 09:32:30.710,20260331,93230710,000009.SZ,3560499,2,3078187,3560498,8.98,100,898.0
2026-03-31 09:32:30.710,20260331,93230710,000009.SZ,3560500,2,3081573,3560498,8.98,1900,17062.0
2026-03-31 09:32:30.710,20260331,93230710,000009.SZ,3560501,2,3147319,3560498,8.98,200,1796.0
2026-03-31 09:32:30.710,20260331,93230710,000009.SZ,3560502,2,3182099,3560498,8.98,2400,21552.0
2026-03-31 09:32:31.380,20260331,93231380,000009.SZ,3568852,1,3568851,3563702,8.99,100,899.0
2026-03-31 09:32:32.000,20260331,93232000,000009.SZ,3576686,-1,0,3563702,0.0,1200,0.0
2026-03-31 09:32:32.420,20260331,93232420,000009.SZ,3581550,1,3581549,3577983,8.99,1300,11687.0
2026-03-31 09:32:32.430,20260331,93232430,000009.SZ,3581583,-1,0,3515811,0.0,200,0.0
2026-03-31 09:32:32.430,20260331,93232430,000009.SZ,3581626,2,3581549,3581625,8.99,700,6293.0
2026-03-31 09:32:33.180,20260331,93233180,000009.SZ,3589192,-1,0,3519212,0.0,1800,0.0
2026-03-31 09:32:33.220,20260331,93233220,000009.SZ,3589784,1,3589783,3583840,8.99,100,899.0
2026-03-31 09:32:33.470,20260331,93233470,000009.SZ,3592542,2,3182099,3592541,8.98,400,3592.0
2026-03-31 09:32:33.480,20260331,93233480,000009.SZ,3592608,2,3182099,3592607,8.98,100,898.0
2026-03-31 09:32:33.740,20260331,93233740,000009.SZ,3596165,2,3182099,3596164,8.98,600,5388.0
2026-03-31 09:32:33.840,20260331,93233840,000009.SZ,3597238,-1,3540172,0,0.0,1000,0.0
2026-03-31 09:32:33.890,20260331,93233890,000009.SZ,3597650,-1,3535915,0,0.0,2900,0.0
2026-03-31 09:32:34.030,20260331,93234030,000009.SZ,3599095,-1,2968192,0,0.0,3400,0.0
2026-03-31 09:32:34.100,20260331,93234100,000009.SZ,3599818,1,3599817,3583840,8.99,1200,10788.0
2026-03-31 09:32:34.100,20260331,93234100,000009.SZ,3599819,1,3599817,3589499,8.99,1700,15283.0
2026-03-31 09:32:34.100,20260331,93234100,000009.SZ,3599820,1,3599817,3596599,8.99,600,5394.0
2026-03-31 09:32:34.100,20260331,93234100,000009.SZ,3599821,1,3599817,3598983,8.99,600,5394.0
2026-03-31 09:32:34.100,20260331,93234100,000009.SZ,3599822,1,3599817,2387420,9.0,4100,36900.0
