timestamp,date,stamp,code,order_no,bs_flag,order_type,order_price,order_volume
2026-03-25 09:15:00.030,20260325,91500030,000009.SZ,1032,2,0,9.6,3000
2026-03-25 09:15:00.040,20260325,91500040,000009.SZ,1738,2,0,8.75,100
2026-03-25 09:15:00.040,20260325,91500040,000009.SZ,1739,2,0,8.85,100
2026-03-25 09:15:00.040,20260325,91500040,000009.SZ,1740,2,0,9.4,100
2026-03-25 09:15:00.040,20260325,91500040,000009.SZ,3993,1,0,8.75,100
2026-03-25 09:15:00.040,20260325,91500040,000009.SZ,4368,2,0,9.61,100
2026-03-25 09:15:00.050,20260325,91500050,000009.SZ,4946,1,0,8.63,500
2026-03-25 09:15:00.050,20260325,91500050,000009.SZ,5026,2,0,8.85,1600
2026-03-25 09:15:00.050,20260325,91500050,000009.SZ,5770,2,0,9.16,600
2026-03-25 09:15:00.050,20260325,91500050,000009.SZ,6346,2,0,8.85,12100
2026-03-25 09:15:00.050,20260325,91500050,000009.SZ,6996,1,0,8.52,5000
2026-03-25 09:15:00.050,20260325,91500050,000009.SZ,7197,2,0,9.61,1000
2026-03-25 09:15:00.050,20260325,91500050,000009.SZ,7611,2,0,9.6,1000
2026-03-25 09:15:00.050,20260325,91500050,000009.SZ,7662,1,0,8.0,100
2026-03-25 09:15:00.050,20260325,91500050,000009.SZ,7692,2,0,8.75,100
2026-03-25 09:15:00.050,20260325,91500050,000009.SZ,7693,2,0,9.25,100
2026-03-25 09:15:00.050,20260325,91500050,000009.SZ,8337,2,0,8.99,700
2026-03-25 09:15:00.050,20260325,91500050,000009.SZ,8399,2,0,9.6,11000
2026-03-25 09:15:00.050,20260325,91500050,000009.SZ,8438,2,0,9.49,4000
2026-03-25 09:15:00.060,20260325,91500060,000009.SZ,9265,2,0,8.99,2000
2026-03-25 09:15:00.060,20260325,91500060,000009.SZ,9540,1,0,8.44,1400
2026-03-25 09:15:00.060,20260325,91500060,000009.SZ,9680,2,0,9.3,5000
2026-03-25 09:15:00.060,20260325,91500060,000009.SZ,9710,2,0,9.1,3500
2026-03-25 09:15:00.060,20260325,91500060,000009.SZ,10212,2,0,9.09,1100
2026-03-25 09:15:00.060,20260325,91500060,000009.SZ,11697,2,0,9.0,300
2026-03-25 09:15:00.060,20260325,91500060,000009.SZ,12274,1,0,8.25,100
2026-03-25 09:15:00.060,20260325,91500060,000009.SZ,12598,1,0,8.62,1500
2026-03-25 09:15:00.060,20260325,91500060,000009.SZ,12855,1,0,8.75,400
2026-03-25 09:15:00.070,20260325,91500070,000009.SZ,13772,1,0,8.08,700
2026-03-25 09:15:00.070,20260325,91500070,000009.SZ,14065,2,0,9.6,300
2026-03-25 09:15:00.070,20260325,91500070,000009.SZ,14224,2,0,8.78,500
2026-03-25 09:15:00.070,20260325,91500070,000009.SZ,14489,2,0,9.61,500
2026-03-25 09:15:00.070,20260325,91500070,000009.SZ,16075,2,0,9.43,1200
2026-03-25 09:15:00.070,20260325,91500070,000009.SZ,16122,2,0,8.97,4000
2026-03-25 09:15:00.070,20260325,91500070,000009.SZ,16123,2,0,9.35,10200
2026-03-25 09:15:00.070,20260325,91500070,000009.SZ,16369,1,0,8.58,400
2026-03-25 09:15:00.070,20260325,91500070,000009.SZ,16527,2,0,8.79,1000
2026-03-25 09:15:00.070,20260325,91500070,000009.SZ,17704,2,0,9.05,800
2026-03-25 09:15:00.080,20260325,91500080,000009.SZ,18790,2,0,9.61,4000
2026-03-25 09:15:00.080,20260325,91500080,000009.SZ,19287,2,0,9.46,600
2026-03-25 09:15:00.080,20260325,91500080,000009.SZ,19336,1,0,8.46,500
2026-03-25 09:15:00.080,20260325,91500080,000009.SZ,19608,2,0,9.58,1800
2026-03-25 09:15:00.080,20260325,91500080,000009.SZ,19814,1,0,8.75,200
2026-03-25 09:15:00.080,20260325,91500080,000009.SZ,19861,2,0,9.12,6400
2026-03-25 09:15:00.080,20260325,91500080,000009.SZ,19887,2,0,9.61,1600
2026-03-25 09:15:00.080,20260325,91500080,000009.SZ,20627,2,0,9.6,1000
2026-03-25 09:15:00.080,20260325,91500080,000009.SZ,20890,2,0,9.35,2000
2026-03-25 09:15:00.080,20260325,91500080,000009.SZ,21229,1,0,8.45,3000
2026-03-25 09:15:00.090,20260325,91500090,000009.SZ,21534,1,0,8.61,500
2026-03-25 09:15:00.090,20260325,91500090,000009.SZ,21817,2,0,8.98,600
2026-03-25 09:15:00.090,20260325,91500090,000009.SZ,22422,2,0,9.61,100
2026-03-25 09:15:00.090,20260325,91500090,000009.SZ,22552,2,0,9.61,5000
2026-03-25 09:15:00.090,20260325,91500090,000009.SZ,23282,2,0,9.04,1000
2026-03-25 09:15:00.090,20260325,91500090,000009.SZ,23283,2,0,9.24,1500
2026-03-25 09:15:00.090,20260325,91500090,000009.SZ,23349,1,0,8.3,100
2026-03-25 09:15:00.090,20260325,91500090,000009.SZ,23674,2,0,9.61,100
2026-03-25 09:15:00.090,20260325,91500090,000009.SZ,23735,2,0,9.55,100
2026-03-25 09:15:00.090,20260325,91500090,000009.SZ,23749,2,0,9.48,100
2026-03-25 09:15:00.090,20260325,91500090,000009.SZ,23777,2,0,9.39,100
2026-03-25 09:15:00.090,20260325,91500090,000009.SZ,24424,2,0,8.89,200
2026-03-25 09:15:00.090,20260325,91500090,000009.SZ,24425,2,0,8.92,300
2026-03-25 09:15:00.090,20260325,91500090,000009.SZ,24427,2,0,8.95,500
2026-03-25 09:15:00.090,20260325,91500090,000009.SZ,24428,2,0,8.97,1000
2026-03-25 09:15:00.090,20260325,91500090,000009.SZ,24755,2,0,9.61,2000
2026-03-25 09:15:00.100,20260325,91500100,000009.SZ,26062,1,0,8.41,1000
2026-03-25 09:15:00.100,20260325,91500100,000009.SZ,26063,2,0,9.4,2000
2026-03-25 09:15:00.100,20260325,91500100,000009.SZ,26099,2,0,9.19,500
2026-03-25 09:15:00.100,20260325,91500100,000009.SZ,26520,1,0,8.18,300
2026-03-25 09:15:00.100,20260325,91500100,000009.SZ,26751,2,0,9.61,100
2026-03-25 09:15:00.100,20260325,91500100,000009.SZ,27518,2,0,9.09,1000
2026-03-25 09:15:00.100,20260325,91500100,000009.SZ,27691,2,0,9.6,3000
2026-03-25 09:15:00.100,20260325,91500100,000009.SZ,27798,2,0,9.61,500
2026-03-25 09:15:00.110,20260325,91500110,000009.SZ,29833,2,0,9.06,2700
2026-03-25 09:15:00.110,20260325,91500110,000009.SZ,29995,2,0,8.88,6000
2026-03-25 09:15:00.110,20260325,91500110,000009.SZ,30564,1,0,8.35,200
2026-03-25 09:15:00.110,20260325,91500110,000009.SZ,30572,2,0,9.61,200
2026-03-25 09:15:00.110,20260325,91500110,000009.SZ,31084,2,0,9.39,1000
2026-03-25 09:15:00.110,20260325,91500110,000009.SZ,31521,2,0,9.37,500
2026-03-25 09:15:00.110,20260325,91500110,000009.SZ,31795,1,0,7.87,3000
2026-03-25 09:15:00.110,20260325,91500110,000009.SZ,31957,2,0,9.61,200
2026-03-25 09:15:00.110,20260325,91500110,000009.SZ,32123,2,0,9.61,5000
2026-03-25 09:15:00.110,20260325,91500110,000009.SZ,33296,2,0,9.2,2000
2026-03-25 09:15:00.110,20260325,91500110,000009.SZ,33344,1,0,8.55,2000
2026-03-25 09:15:00.120,20260325,91500120,000009.SZ,34078,1,0,8.4,2000
2026-03-25 09:15:00.120,20260325,91500120,000009.SZ,34289,2,0,8.99,6700
2026-03-25 09:15:00.120,20260325,91500120,000009.SZ,34811,1,0,8.75,1000
2026-03-25 09:15:00.120,20260325,91500120,000009.SZ,35146,1,0,8.4,400
2026-03-25 09:15:00.120,20260325,91500120,000009.SZ,35409,2,0,9.45,1000
2026-03-25 09:15:00.120,20260325,91500120,000009.SZ,35410,2,0,9.6,1000
2026-03-25 09:15:00.120,20260325,91500120,000009.SZ,35447,1,0,8.79,100
2026-03-25 09:15:00.120,20260325,91500120,000009.SZ,36647,2,0,9.6,600
2026-03-25 09:15:00.120,20260325,91500120,000009.SZ,37348,2,0,9.6,600
2026-03-25 09:15:00.120,20260325,91500120,000009.SZ,37403,1,0,8.64,100
2026-03-25 09:15:00.120,20260325,91500120,000009.SZ,37759,2,0,9.6,100
2026-03-25 09:15:00.120,20260325,91500120,000009.SZ,37760,2,0,9.5,100
2026-03-25 09:15:00.130,20260325,91500130,000009.SZ,38431,2,0,9.61,100
2026-03-25 09:15:00.130,20260325,91500130,000009.SZ,38859,2,0,9.33,3500
2026-03-25 09:15:00.130,20260325,91500130,000009.SZ,39024,2,0,9.5,1000
2026-03-25 09:15:00.130,20260325,91500130,000009.SZ,39755,2,0,8.91,1000
2026-03-25 09:15:00.130,20260325,91500130,000009.SZ,39756,2,0,9.09,1000
2026-03-25 09:15:00.130,20260325,91500130,000009.SZ,39951,2,0,9.0,2000
2026-03-25 09:15:00.130,20260325,91500130,000009.SZ,40465,2,0,9.19,10000
2026-03-25 09:15:00.130,20260325,91500130,000009.SZ,40468,2,0,9.29,10000
2026-03-25 09:15:00.130,20260325,91500130,000009.SZ,40469,2,0,9.39,10000
2026-03-25 09:15:00.130,20260325,91500130,000009.SZ,40470,2,0,9.49,10000
2026-03-25 09:15:00.130,20260325,91500130,000009.SZ,40471,2,0,9.61,10000
2026-03-25 09:15:00.130,20260325,91500130,000009.SZ,40473,2,0,9.09,10900
2026-03-25 09:15:00.130,20260325,91500130,000009.SZ,40474,2,0,9.19,10000
2026-03-25 09:15:00.130,20260325,91500130,000009.SZ,40475,2,0,9.29,10000
2026-03-25 09:15:00.130,20260325,91500130,000009.SZ,40476,2,0,9.61,2000
2026-03-25 09:15:00.130,20260325,91500130,000009.SZ,40477,2,0,9.19,10000
2026-03-25 09:15:00.130,20260325,91500130,000009.SZ,40478,2,0,9.29,20000
2026-03-25 09:15:00.130,20260325,91500130,000009.SZ,40483,2,0,9.61,2000
2026-03-25 09:15:00.130,20260325,91500130,000009.SZ,40535,2,0,9.19,10000
2026-03-25 09:15:00.130,20260325,91500130,000009.SZ,40536,2,0,9.29,10000
2026-03-25 09:15:00.130,20260325,91500130,000009.SZ,40537,2,0,9.39,10000
2026-03-25 09:15:00.130,20260325,91500130,000009.SZ,40538,2,0,9.49,10000
2026-03-25 09:15:00.130,20260325,91500130,000009.SZ,40539,2,0,9.61,10000
2026-03-25 09:15:00.130,20260325,91500130,000009.SZ,40544,2,0,9.19,10000
2026-03-25 09:15:00.130,20260325,91500130,000009.SZ,40545,2,0,9.29,10000
2026-03-25 09:15:00.130,20260325,91500130,000009.SZ,41445,1,0,8.45,500
2026-03-25 09:15:00.140,20260325,91500140,000009.SZ,42472,2,0,9.61,2100
2026-03-25 09:15:00.140,20260325,91500140,000009.SZ,42701,2,0,9.6,600
2026-03-25 09:15:00.140,20260325,91500140,000009.SZ,42844,2,0,9.49,30000
2026-03-25 09:15:00.140,20260325,91500140,000009.SZ,42846,2,0,9.59,30000
2026-03-25 09:15:00.140,20260325,91500140,000009.SZ,42847,2,0,9.61,20000
2026-03-25 09:15:00.140,20260325,91500140,000009.SZ,42971,2,0,9.61,10000
2026-03-25 09:15:00.140,20260325,91500140,000009.SZ,42972,2,0,9.0,1000
2026-03-25 09:15:00.140,20260325,91500140,000009.SZ,42973,2,0,9.1,1000
2026-03-25 09:15:00.140,20260325,91500140,000009.SZ,42974,2,0,9.2,1000
2026-03-25 09:15:00.140,20260325,91500140,000009.SZ,42975,2,0,9.3,1300
2026-03-25 09:15:00.140,20260325,91500140,000009.SZ,42976,2,0,9.61,1300
2026-03-25 09:15:00.140,20260325,91500140,000009.SZ,43880,2,0,9.2,6000
2026-03-25 09:15:00.140,20260325,91500140,000009.SZ,44700,2,0,9.55,2000
2026-03-25 09:15:00.150,20260325,91500150,000009.SZ,45431,2,0,8.92,200
2026-03-25 09:15:00.150,20260325,91500150,000009.SZ,45432,2,0,9.09,200
2026-03-25 09:15:00.150,20260325,91500150,000009.SZ,45433,2,0,9.27,200
2026-03-25 09:15:00.150,20260325,91500150,000009.SZ,45434,2,0,9.44,200
2026-03-25 09:15:00.150,20260325,91500150,000009.SZ,45435,2,0,9.61,200
2026-03-25 09:15:00.150,20260325,91500150,000009.SZ,46527,2,0,9.5,500
2026-03-25 09:15:00.150,20260325,91500150,000009.SZ,46533,2,0,9.55,400
2026-03-25 09:15:00.150,20260325,91500150,000009.SZ,47491,2,0,8.85,1100
2026-03-25 09:15:00.160,20260325,91500160,000009.SZ,48594,2,0,8.99,500
2026-03-25 09:15:00.160,20260325,91500160,000009.SZ,49232,1,0,8.75,600
2026-03-25 09:15:00.160,20260325,91500160,000009.SZ,49309,2,0,9.59,2000
2026-03-25 09:15:00.160,20260325,91500160,000009.SZ,50396,2,0,8.8,100
2026-03-25 09:15:00.160,20260325,91500160,000009.SZ,50408,2,0,9.34,100
2026-03-25 09:15:00.160,20260325,91500160,000009.SZ,50533,2,0,9.11,600
2026-03-25 09:15:00.160,20260325,91500160,000009.SZ,50935,2,0,8.97,400
2026-03-25 09:15:00.160,20260325,91500160,000009.SZ,51313,2,0,8.78,500
2026-03-25 09:15:00.160,20260325,91500160,000009.SZ,51314,2,0,8.78,100
2026-03-25 09:15:00.160,20260325,91500160,000009.SZ,51615,2,0,9.51,3500
2026-03-25 09:15:00.170,20260325,91500170,000009.SZ,54173,2,0,9.08,1000
2026-03-25 09:15:00.170,20260325,91500170,000009.SZ,54645,1,0,8.73,300
2026-03-25 09:15:00.170,20260325,91500170,000009.SZ,54900,2,0,8.9,100
2026-03-25 09:15:00.170,20260325,91500170,000009.SZ,54948,2,0,9.6,400
2026-03-25 09:15:00.180,20260325,91500180,000009.SZ,55305,2,0,9.6,500
2026-03-25 09:15:00.180,20260325,91500180,000009.SZ,55473,2,0,9.6,4000
2026-03-25 09:15:00.180,20260325,91500180,000009.SZ,55577,2,0,9.6,1000
2026-03-25 09:15:00.180,20260325,91500180,000009.SZ,55578,2,0,9.3,1000
2026-03-25 09:15:00.180,20260325,91500180,000009.SZ,56234,2,0,9.58,600
2026-03-25 09:15:00.180,20260325,91500180,000009.SZ,57259,2,0,8.78,2000
2026-03-25 09:15:00.180,20260325,91500180,000009.SZ,57296,1,0,8.4,100
2026-03-25 09:15:00.190,20260325,91500190,000009.SZ,58217,1,0,8.5,50000
2026-03-25 09:15:00.190,20260325,91500190,000009.SZ,58867,2,0,9.6,3000
2026-03-25 09:15:00.190,20260325,91500190,000009.SZ,59171,2,0,9.29,800
2026-03-25 09:15:00.190,20260325,91500190,000009.SZ,60865,2,0,9.6,200
2026-03-25 09:15:00.190,20260325,91500190,000009.SZ,60967,2,0,9.61,1000
2026-03-25 09:15:00.200,20260325,91500200,000009.SZ,61642,2,0,9.25,200
2026-03-25 09:15:00.200,20260325,91500200,000009.SZ,61959,2,0,9.61,15000
2026-03-25 09:15:00.200,20260325,91500200,000009.SZ,61961,2,0,8.99,2500
2026-03-25 09:15:00.200,20260325,91500200,000009.SZ,62590,2,0,9.46,2000
2026-03-25 09:15:00.200,20260325,91500200,000009.SZ,62591,2,0,9.61,2000
2026-03-25 09:15:00.200,20260325,91500200,000009.SZ,63193,1,0,8.45,1000
2026-03-25 09:15:00.200,20260325,91500200,000009.SZ,63599,2,0,9.13,5000
2026-03-25 09:15:00.200,20260325,91500200,000009.SZ,63791,1,0,8.28,2000
2026-03-25 09:15:00.200,20260325,91500200,000009.SZ,63809,2,0,7.87,100
2026-03-25 09:15:00.210,20260325,91500210,000009.SZ,64677,1,0,8.5,300
2026-03-25 09:15:00.210,20260325,91500210,000009.SZ,64744,2,0,9.31,500
2026-03-25 09:15:00.210,20260325,91500210,000009.SZ,64882,2,0,8.82,400
2026-03-25 09:15:00.210,20260325,91500210,000009.SZ,65116,2,0,9.58,10000
2026-03-25 09:15:00.210,20260325,91500210,000009.SZ,65247,1,0,8.36,200
2026-03-25 09:15:00.210,20260325,91500210,000009.SZ,65248,2,0,9.38,200
2026-03-25 09:15:00.210,20260325,91500210,000009.SZ,65359,1,0,7.87,600
2026-03-25 09:15:00.210,20260325,91500210,000009.SZ,65907,1,0,8.08,700
2026-03-25 09:15:00.210,20260325,91500210,000009.SZ,65908,2,0,9.6,300
2026-03-25 09:15:00.210,20260325,91500210,000009.SZ,66121,1,0,8.74,100
2026-03-25 09:15:00.210,20260325,91500210,000009.SZ,66529,2,0,9.58,700
2026-03-25 09:15:00.220,20260325,91500220,000009.SZ,67222,2,0,9.6,100
2026-03-25 09:15:00.220,20260325,91500220,000009.SZ,68715,2,0,9.61,2000
2026-03-25 09:15:00.220,20260325,91500220,000009.SZ,68725,1,0,8.41,100
2026-03-25 09:15:00.220,20260325,91500220,000009.SZ,68732,2,0,8.76,100
2026-03-25 09:15:00.230,20260325,91500230,000009.SZ,70268,2,0,8.99,3000
2026-03-25 09:15:00.240,20260325,91500240,000009.SZ,72037,2,0,9.18,7000
2026-03-25 09:15:00.250,20260325,91500250,000009.SZ,73151,1,0,8.65,500
2026-03-25 09:15:00.250,20260325,91500250,000009.SZ,73728,2,0,8.98,5000
2026-03-25 09:15:00.250,20260325,91500250,000009.SZ,73729,2,0,8.88,5000
2026-03-25 09:15:00.250,20260325,91500250,000009.SZ,73731,2,0,9.08,5000
2026-03-25 09:15:00.250,20260325,91500250,000009.SZ,73732,2,0,9.18,5000
2026-03-25 09:15:00.250,20260325,91500250,000009.SZ,73736,2,0,9.28,5000
2026-03-25 09:15:00.250,20260325,91500250,000009.SZ,73737,2,0,9.38,5000
2026-03-25 09:15:00.250,20260325,91500250,000009.SZ,73738,2,0,9.48,5000
2026-03-25 09:15:00.250,20260325,91500250,000009.SZ,73801,2,0,9.58,5000
2026-03-25 09:15:00.270,20260325,91500270,000009.SZ,76614,1,0,8.74,200
2026-03-25 09:15:00.270,20260325,91500270,000009.SZ,76667,2,0,9.61,1000
2026-03-25 09:15:00.270,20260325,91500270,000009.SZ,77048,2,0,8.99,2600
2026-03-25 09:15:00.270,20260325,91500270,000009.SZ,77152,2,0,9.23,300
2026-03-25 09:15:00.270,20260325,91500270,000009.SZ,77240,2,0,9.34,6000
2026-03-25 09:15:00.270,20260325,91500270,000009.SZ,77286,2,0,8.88,4000
2026-03-25 09:15:00.280,20260325,91500280,000009.SZ,77664,1,0,8.06,400
2026-03-25 09:15:00.280,20260325,91500280,000009.SZ,77667,1,0,8.08,700
2026-03-25 09:15:00.280,20260325,91500280,000009.SZ,77717,2,0,9.6,300
2026-03-25 09:15:00.280,20260325,91500280,000009.SZ,78536,2,0,9.0,7000
2026-03-25 09:15:00.290,20260325,91500290,000009.SZ,79161,2,0,9.6,600
2026-03-25 09:15:00.290,20260325,91500290,000009.SZ,79354,2,0,9.29,100
2026-03-25 09:15:00.290,20260325,91500290,000009.SZ,79355,2,0,9.49,100
2026-03-25 09:15:00.290,20260325,91500290,000009.SZ,79878,1,0,8.1,200
2026-03-25 09:15:00.300,20260325,91500300,000009.SZ,80268,1,0,8.08,600
2026-03-25 09:15:00.300,20260325,91500300,000009.SZ,80269,2,0,9.6,200
2026-03-25 09:15:00.310,20260325,91500310,000009.SZ,81378,2,0,9.6,2300
2026-03-25 09:15:00.310,20260325,91500310,000009.SZ,81416,2,0,9.6,2000
2026-03-25 09:15:00.310,20260325,91500310,000009.SZ,81955,1,0,8.42,300
2026-03-25 09:15:00.310,20260325,91500310,000009.SZ,82009,2,0,9.02,100
2026-03-25 09:15:00.310,20260325,91500310,000009.SZ,82010,2,0,9.2,100
2026-03-25 09:15:00.310,20260325,91500310,000009.SZ,82011,2,0,9.35,100
2026-03-25 09:15:00.310,20260325,91500310,000009.SZ,82012,2,0,9.61,200
2026-03-25 09:15:00.310,20260325,91500310,000009.SZ,82491,2,0,9.61,100
2026-03-25 09:15:00.320,20260325,91500320,000009.SZ,83239,1,0,8.48,300
2026-03-25 09:15:00.330,20260325,91500330,000009.SZ,84867,2,0,9.61,21500
2026-03-25 09:15:00.330,20260325,91500330,000009.SZ,85100,2,0,9.02,1000
2026-03-25 09:15:00.330,20260325,91500330,000009.SZ,85460,1,0,8.0,400
2026-03-25 09:15:00.330,20260325,91500330,000009.SZ,85745,2,0,9.08,1000
2026-03-25 09:15:00.340,20260325,91500340,000009.SZ,85793,1,0,8.4,100
2026-03-25 09:15:00.340,20260325,91500340,000009.SZ,86542,2,0,9.12,1000
2026-03-25 09:15:00.340,20260325,91500340,000009.SZ,86554,2,0,9.2,1400
2026-03-25 09:15:00.360,20260325,91500360,000009.SZ,88429,1,0,8.34,7200
2026-03-25 09:15:00.360,20260325,91500360,000009.SZ,88539,1,0,8.0,100
2026-03-25 09:15:00.370,20260325,91500370,000009.SZ,89029,2,0,9.61,2400
2026-03-25 09:15:00.380,20260325,91500380,000009.SZ,89768,2,0,9.5,600
2026-03-25 09:15:00.380,20260325,91500380,000009.SZ,89909,2,0,8.97,3000
2026-03-25 09:15:00.390,20260325,91500390,000009.SZ,90831,2,0,9.1,5000
2026-03-25 09:15:00.400,20260325,91500400,000009.SZ,92776,2,0,9.5,1000
2026-03-25 09:15:00.410,20260325,91500410,000009.SZ,93148,2,0,9.5,31000
2026-03-25 09:15:00.410,20260325,91500410,000009.SZ,93209,2,0,9.6,4400
2026-03-25 09:15:00.410,20260325,91500410,000009.SZ,93336,2,0,9.4,200
2026-03-25 09:15:00.420,20260325,91500420,000009.SZ,94771,1,0,8.41,400
2026-03-25 09:15:00.420,20260325,91500420,000009.SZ,94772,2,0,8.88,800
2026-03-25 09:15:00.420,20260325,91500420,000009.SZ,94773,2,0,8.99,800
2026-03-25 09:15:00.420,20260325,91500420,000009.SZ,95032,2,0,9.61,500
2026-03-25 09:15:00.450,20260325,91500450,000009.SZ,96787,2,0,9.03,1900
2026-03-25 09:15:00.450,20260325,91500450,000009.SZ,97048,2,0,9.6,300
2026-03-25 09:15:00.460,20260325,91500460,000009.SZ,98194,2,0,9.6,2000
2026-03-25 09:15:00.460,20260325,91500460,000009.SZ,98378,2,0,9.24,1300
2026-03-25 09:15:00.470,20260325,91500470,000009.SZ,98965,1,0,8.5,300
2026-03-25 09:15:00.470,20260325,91500470,000009.SZ,98966,1,0,8.44,300
2026-03-25 09:15:00.470,20260325,91500470,000009.SZ,99140,1,0,8.47,2000
2026-03-25 09:15:00.470,20260325,91500470,000009.SZ,99471,2,0,9.29,500
2026-03-25 09:15:00.470,20260325,91500470,000009.SZ,99472,1,0,8.28,500
2026-03-25 09:15:00.480,20260325,91500480,000009.SZ,100306,1,0,8.0,200
2026-03-25 09:15:00.480,20260325,91500480,000009.SZ,100307,2,0,9.0,100
2026-03-25 09:15:00.500,20260325,91500500,000009.SZ,101417,2,0,9.6,1100
2026-03-25 09:15:00.500,20260325,91500500,000009.SZ,101418,2,0,9.61,1100
2026-03-25 09:15:00.500,20260325,91500500,000009.SZ,101419,2,0,9.55,1100
2026-03-25 09:15:00.500,20260325,91500500,000009.SZ,101793,2,0,9.03,1000
2026-03-25 09:15:00.510,20260325,91500510,000009.SZ,102451,1,0,8.4,2000
2026-03-25 09:15:00.510,20260325,91500510,000009.SZ,102533,2,0,9.35,1000
2026-03-25 09:15:00.510,20260325,91500510,000009.SZ,102549,2,0,9.61,100
2026-03-25 09:15:00.520,20260325,91500520,000009.SZ,103831,2,0,9.6,200
2026-03-25 09:15:00.520,20260325,91500520,000009.SZ,103974,1,0,8.6,3000
2026-03-25 09:15:00.530,20260325,91500530,000009.SZ,104115,2,0,8.99,300
2026-03-25 09:15:00.530,20260325,91500530,000009.SZ,104252,1,0,7.88,1000
2026-03-25 09:15:00.530,20260325,91500530,000009.SZ,104267,1,0,8.08,800
2026-03-25 09:15:00.530,20260325,91500530,000009.SZ,104268,1,0,8.38,800
2026-03-25 09:15:00.530,20260325,91500530,000009.SZ,104363,2,0,8.99,600
2026-03-25 09:15:00.530,20260325,91500530,000009.SZ,104365,1,0,8.05,1000
2026-03-25 09:15:00.530,20260325,91500530,000009.SZ,104366,2,0,8.74,300
2026-03-25 09:15:00.540,20260325,91500540,000009.SZ,105278,2,0,9.38,500
2026-03-25 09:15:00.540,20260325,91500540,000009.SZ,105614,2,0,9.61,2000
2026-03-25 09:15:00.540,20260325,91500540,000009.SZ,105615,2,0,9.07,300
2026-03-25 09:15:00.540,20260325,91500540,000009.SZ,105616,2,0,9.21,300
2026-03-25 09:15:00.550,20260325,91500550,000009.SZ,106194,1,0,8.52,7100
2026-03-25 09:15:00.550,20260325,91500550,000009.SZ,106721,2,0,9.6,1000
2026-03-25 09:15:00.560,20260325,91500560,000009.SZ,107258,2,0,9.61,100
2026-03-25 09:15:00.570,20260325,91500570,000009.SZ,107887,1,0,8.5,2800
2026-03-25 09:15:00.570,20260325,91500570,000009.SZ,108180,2,0,8.99,1300
2026-03-25 09:15:00.570,20260325,91500570,000009.SZ,108558,2,0,9.18,100000
2026-03-25 09:15:00.590,20260325,91500590,000009.SZ,109931,1,0,8.6,22700
2026-03-25 09:15:00.590,20260325,91500590,000009.SZ,110254,2,0,9.6,1600
2026-03-25 09:15:00.600,20260325,91500600,000009.SZ,110789,2,0,9.6,600
2026-03-25 09:15:00.600,20260325,91500600,000009.SZ,110815,1,0,8.0,1500
2026-03-25 09:15:00.610,20260325,91500610,000009.SZ,112254,2,0,9.61,500
2026-03-25 09:15:00.610,20260325,91500610,000009.SZ,112392,1,0,8.59,22700
2026-03-25 09:15:00.610,20260325,91500610,000009.SZ,112393,1,0,8.58,22800
2026-03-25 09:15:00.620,20260325,91500620,000009.SZ,112846,2,0,8.88,1800
2026-03-25 09:15:00.620,20260325,91500620,000009.SZ,112853,1,0,8.67,500
2026-03-25 09:15:00.620,20260325,91500620,000009.SZ,113324,2,0,8.98,900
2026-03-25 09:15:00.630,20260325,91500630,000009.SZ,114031,1,0,8.11,4000
2026-03-25 09:15:00.630,20260325,91500630,000009.SZ,114097,2,0,9.09,1500
2026-03-25 09:15:00.630,20260325,91500630,000009.SZ,114523,2,0,8.76,4400
2026-03-25 09:15:00.630,20260325,91500630,000009.SZ,114582,1,0,8.4,5000
2026-03-25 09:15:00.640,20260325,91500640,000009.SZ,115706,2,0,9.33,100
2026-03-25 09:15:00.640,20260325,91500640,000009.SZ,115712,2,0,9.49,100
2026-03-25 09:15:00.640,20260325,91500640,000009.SZ,115713,2,0,9.58,200
2026-03-25 09:15:00.650,20260325,91500650,000009.SZ,116208,2,0,9.5,100
2026-03-25 09:15:00.650,20260325,91500650,000009.SZ,116251,2,0,9.6,100
2026-03-25 09:15:00.650,20260325,91500650,000009.SZ,116253,1,0,8.2,100
2026-03-25 09:15:00.650,20260325,91500650,000009.SZ,116730,1,0,8.4,500
2026-03-25 09:15:00.660,20260325,91500660,000009.SZ,116872,2,0,9.6,1000
2026-03-25 09:15:00.670,20260325,91500670,000009.SZ,117884,2,0,8.74,100
2026-03-25 09:15:00.670,20260325,91500670,000009.SZ,118433,1,0,8.34,1000
2026-03-25 09:15:00.680,20260325,91500680,000009.SZ,119259,2,0,9.33,4100
2026-03-25 09:15:00.680,20260325,91500680,000009.SZ,119590,2,0,9.5,2500
2026-03-25 09:15:00.690,20260325,91500690,000009.SZ,119908,1,0,8.74,100
2026-03-25 09:15:00.700,20260325,91500700,000009.SZ,120621,2,0,9.04,1800
2026-03-25 09:15:00.700,20260325,91500700,000009.SZ,120622,2,0,9.17,1700
2026-03-25 09:15:00.700,20260325,91500700,000009.SZ,120623,2,0,9.29,1700
2026-03-25 09:15:00.700,20260325,91500700,000009.SZ,120624,2,0,9.4,1700
2026-03-25 09:15:00.700,20260325,91500700,000009.SZ,120625,2,0,9.51,1700
2026-03-25 09:15:00.700,20260325,91500700,000009.SZ,120626,2,0,9.61,1700
2026-03-25 09:15:00.720,20260325,91500720,000009.SZ,122472,2,0,9.19,1000
2026-03-25 09:15:00.720,20260325,91500720,000009.SZ,122473,2,0,9.49,1000
2026-03-25 09:15:00.720,20260325,91500720,000009.SZ,122777,1,0,8.51,600
2026-03-25 09:15:00.730,20260325,91500730,000009.SZ,123577,2,0,9.29,3000
2026-03-25 09:15:00.730,20260325,91500730,000009.SZ,123835,2,0,9.18,3000
2026-03-25 09:15:00.740,20260325,91500740,000009.SZ,124352,2,0,8.78,600
2026-03-25 09:15:00.760,20260325,91500760,000009.SZ,126130,2,0,9.14,100
2026-03-25 09:15:00.760,20260325,91500760,000009.SZ,126388,2,0,9.38,2500
2026-03-25 09:15:00.760,20260325,91500760,000009.SZ,126450,1,0,8.4,300
2026-03-25 09:15:00.770,20260325,91500770,000009.SZ,127101,2,0,9.14,2000
2026-03-25 09:15:00.770,20260325,91500770,000009.SZ,127104,2,0,9.3,3000
2026-03-25 09:15:00.800,20260325,91500800,000009.SZ,129425,1,0,8.36,600
2026-03-25 09:15:00.800,20260325,91500800,000009.SZ,129639,1,0,8.54,100
2026-03-25 09:15:00.800,20260325,91500800,000009.SZ,129644,1,0,8.6,10000
2026-03-25 09:15:00.800,20260325,91500800,000009.SZ,129645,1,0,8.5,10000
2026-03-25 09:15:00.800,20260325,91500800,000009.SZ,129647,1,0,8.4,10000
2026-03-25 09:15:00.810,20260325,91500810,000009.SZ,130283,2,0,8.78,400
2026-03-25 09:15:00.810,20260325,91500810,000009.SZ,130460,2,0,9.13,3000
2026-03-25 09:15:00.820,20260325,91500820,000009.SZ,130920,1,0,8.6,10000
2026-03-25 09:15:00.830,20260325,91500830,000009.SZ,131362,1,0,8.5,500
2026-03-25 09:15:00.850,20260325,91500850,000009.SZ,132142,1,0,8.5,1500
2026-03-25 09:15:00.850,20260325,91500850,000009.SZ,132274,2,0,9.6,300
2026-03-25 09:15:00.870,20260325,91500870,000009.SZ,133462,1,0,8.74,3000
2026-03-25 09:15:00.870,20260325,91500870,000009.SZ,133463,1,0,7.87,4000
2026-03-25 09:15:00.870,20260325,91500870,000009.SZ,133513,2,0,9.49,2300
2026-03-25 09:15:00.910,20260325,91500910,000009.SZ,136549,1,0,8.5,3000
2026-03-25 09:15:00.950,20260325,91500950,000009.SZ,138359,2,0,9.16,200
2026-03-25 09:15:00.970,20260325,91500970,000009.SZ,139463,1,0,8.08,500
2026-03-25 09:15:00.970,20260325,91500970,000009.SZ,139600,1,0,8.35,400
2026-03-25 09:15:00.980,20260325,91500980,000009.SZ,140083,1,0,9.61,400
2026-03-25 09:15:01.020,20260325,91501020,000009.SZ,142365,2,0,8.99,1700
2026-03-25 09:15:01.050,20260325,91501050,000009.SZ,144007,1,0,8.55,200
2026-03-25 09:15:01.060,20260325,91501060,000009.SZ,144570,2,0,9.61,600
2026-03-25 09:15:01.060,20260325,91501060,000009.SZ,144571,2,0,9.5,600
2026-03-25 09:15:01.060,20260325,91501060,000009.SZ,144573,2,0,9.4,600
2026-03-25 09:15:01.060,20260325,91501060,000009.SZ,144574,2,0,9.3,600
2026-03-25 09:15:01.060,20260325,91501060,000009.SZ,144575,2,0,9.2,600
2026-03-25 09:15:01.060,20260325,91501060,000009.SZ,144580,2,0,9.1,600
2026-03-25 09:15:01.090,20260325,91501090,000009.SZ,145767,2,0,9.6,200
2026-03-25 09:15:01.090,20260325,91501090,000009.SZ,146100,2,0,9.05,11100
2026-03-25 09:15:01.120,20260325,91501120,000009.SZ,147808,1,0,8.68,1200
2026-03-25 09:15:01.130,20260325,91501130,000009.SZ,147824,2,0,9.05,200
2026-03-25 09:15:01.160,20260325,91501160,000009.SZ,149120,2,0,9.19,10000
2026-03-25 09:15:01.160,20260325,91501160,000009.SZ,149121,2,0,9.29,10000
2026-03-25 09:15:01.160,20260325,91501160,000009.SZ,149432,1,0,8.5,1000
2026-03-25 09:15:01.180,20260325,91501180,000009.SZ,150322,2,0,9.58,2600
2026-03-25 09:15:01.210,20260325,91501210,000009.SZ,151479,2,0,9.58,3000
2026-03-25 09:15:01.220,20260325,91501220,000009.SZ,151856,1,0,8.4,100
2026-03-25 09:15:01.220,20260325,91501220,000009.SZ,151889,2,0,9.6,700
2026-03-25 09:15:01.250,20260325,91501250,000009.SZ,153425,2,0,9.09,7000
2026-03-25 09:15:01.250,20260325,91501250,000009.SZ,153426,2,0,9.61,10000
2026-03-25 09:15:01.270,20260325,91501270,000009.SZ,153947,2,0,8.95,2600
2026-03-25 09:15:01.310,20260325,91501310,000009.SZ,155481,2,0,9.15,500
2026-03-25 09:15:01.380,20260325,91501380,000009.SZ,157964,2,0,9.2,5000
2026-03-25 09:15:01.380,20260325,91501380,000009.SZ,158086,2,0,9.55,3500
2026-03-25 09:15:01.410,20260325,91501410,000009.SZ,159193,1,0,8.01,300
2026-03-25 09:15:01.510,20260325,91501510,000009.SZ,162915,2,0,9.6,500
2026-03-25 09:15:01.510,20260325,91501510,000009.SZ,163025,2,0,8.85,100
2026-03-25 09:15:01.510,20260325,91501510,000009.SZ,163026,2,0,9.0,100
2026-03-25 09:15:01.530,20260325,91501530,000009.SZ,163676,1,0,8.29,200
2026-03-25 09:15:01.530,20260325,91501530,000009.SZ,163753,2,0,9.33,2900
2026-03-25 09:15:01.530,20260325,91501530,000009.SZ,163900,2,0,9.0,300
2026-03-25 09:15:01.530,20260325,91501530,000009.SZ,163902,2,0,9.26,300
2026-03-25 09:15:01.530,20260325,91501530,000009.SZ,163903,2,0,9.61,800
2026-03-25 09:15:01.540,20260325,91501540,000009.SZ,164164,1,0,8.4,1400
2026-03-25 09:15:01.550,20260325,91501550,000009.SZ,164705,1,0,7.87,1000
2026-03-25 09:15:01.590,20260325,91501590,000009.SZ,166980,2,0,9.2,10000
2026-03-25 09:15:01.590,20260325,91501590,000009.SZ,167000,1,0,8.01,100
2026-03-25 09:15:01.600,20260325,91501600,000009.SZ,167090,1,0,8.41,5000
2026-03-25 09:15:01.600,20260325,91501600,000009.SZ,167126,2,0,9.27,106
2026-03-25 09:15:01.600,20260325,91501600,000009.SZ,167304,2,0,9.03,9900
2026-03-25 09:15:01.610,20260325,91501610,000009.SZ,167918,2,0,8.84,2400
2026-03-25 09:15:01.630,20260325,91501630,000009.SZ,169206,2,0,9.4,500
2026-03-25 09:15:01.650,20260325,91501650,000009.SZ,169690,2,0,8.9,100
2026-03-25 09:15:01.650,20260325,91501650,000009.SZ,169691,2,0,9.5,100
2026-03-25 09:15:01.650,20260325,91501650,000009.SZ,169776,2,0,8.99,2000
2026-03-25 09:15:01.650,20260325,91501650,000009.SZ,170099,2,0,9.07,20400
2026-03-25 09:15:01.700,20260325,91501700,000009.SZ,171886,2,0,9.53,200
2026-03-25 09:15:01.710,20260325,91501710,000009.SZ,172435,2,0,8.99,1000
2026-03-25 09:15:01.730,20260325,91501730,000009.SZ,173290,1,0,8.55,4000
2026-03-25 09:15:01.730,20260325,91501730,000009.SZ,173291,1,0,8.5,2200
2026-03-25 09:15:01.730,20260325,91501730,000009.SZ,173292,1,0,8.6,1900
2026-03-25 09:15:01.730,20260325,91501730,000009.SZ,173369,2,0,9.47,1500
2026-03-25 09:15:01.750,20260325,91501750,000009.SZ,174274,1,0,8.0,100
2026-03-25 09:15:01.760,20260325,91501760,000009.SZ,174480,1,0,8.08,100
2026-03-25 09:15:01.760,20260325,91501760,000009.SZ,174774,1,0,8.6,800
2026-03-25 09:15:01.770,20260325,91501770,000009.SZ,175155,1,0,8.5,5000
2026-03-25 09:15:01.780,20260325,91501780,000009.SZ,175933,2,0,9.29,1000
2026-03-25 09:15:01.790,20260325,91501790,000009.SZ,176286,2,0,9.14,300
2026-03-25 09:15:01.810,20260325,91501810,000009.SZ,177195,2,0,8.8,1000
2026-03-25 09:15:01.880,20260325,91501880,000009.SZ,180095,2,0,8.97,300
2026-03-25 09:15:01.880,20260325,91501880,000009.SZ,180144,2,0,9.61,1600
2026-03-25 09:15:01.900,20260325,91501900,000009.SZ,180923,1,0,8.22,100
2026-03-25 09:15:01.900,20260325,91501900,000009.SZ,181012,2,0,9.4,100
2026-03-25 09:15:01.950,20260325,91501950,000009.SZ,182291,1,0,8.01,200
2026-03-25 09:15:02.000,20260325,91502000,000009.SZ,183439,1,0,8.48,700
2026-03-25 09:15:02.000,20260325,91502000,000009.SZ,183640,1,0,8.72,600
2026-03-25 09:15:02.020,20260325,91502020,000009.SZ,184153,2,0,9.61,1600
2026-03-25 09:15:02.020,20260325,91502020,000009.SZ,184205,2,0,9.61,500
2026-03-25 09:15:02.030,20260325,91502030,000009.SZ,184540,2,0,8.99,3000
2026-03-25 09:15:02.030,20260325,91502030,000009.SZ,184541,2,0,9.3,3000
2026-03-25 09:15:02.030,20260325,91502030,000009.SZ,184670,2,0,9.16,600
2026-03-25 09:15:02.060,20260325,91502060,000009.SZ,185611,1,0,8.43,2000
2026-03-25 09:15:02.060,20260325,91502060,000009.SZ,185612,1,0,8.55,3000
2026-03-25 09:15:02.060,20260325,91502060,000009.SZ,185617,2,0,8.9,3000
2026-03-25 09:15:02.070,20260325,91502070,000009.SZ,185864,2,0,9.22,2000
2026-03-25 09:15:02.120,20260325,91502120,000009.SZ,187531,2,0,9.32,800
2026-03-25 09:15:02.150,20260325,91502150,000009.SZ,188045,1,0,8.47,100
2026-03-25 09:15:02.150,20260325,91502150,000009.SZ,188046,2,0,9.61,100
2026-03-25 09:15:02.170,20260325,91502170,000009.SZ,188554,1,0,8.44,2000
2026-03-25 09:15:02.180,20260325,91502180,000009.SZ,188779,2,0,9.0,300
2026-03-25 09:15:02.180,20260325,91502180,000009.SZ,188809,1,0,8.7,300
2026-03-25 09:15:02.210,20260325,91502210,000009.SZ,189619,1,0,8.0,5000
2026-03-25 09:15:02.210,20260325,91502210,000009.SZ,189621,1,0,8.0,5000
2026-03-25 09:15:02.270,20260325,91502270,000009.SZ,190853,2,0,9.15,400
2026-03-25 09:15:02.270,20260325,91502270,000009.SZ,190894,2,0,8.9,100
2026-03-25 09:15:02.280,20260325,91502280,000009.SZ,191031,2,0,9.0,3000
2026-03-25 09:15:02.300,20260325,91502300,000009.SZ,191371,2,0,9.61,3000
2026-03-25 09:15:02.310,20260325,91502310,000009.SZ,191737,1,0,8.42,2000
2026-03-25 09:15:02.340,20260325,91502340,000009.SZ,192289,1,0,8.08,3000
2026-03-25 09:15:02.410,20260325,91502410,000009.SZ,193551,2,0,9.61,5000
2026-03-25 09:15:02.420,20260325,91502420,000009.SZ,193956,1,0,8.5,100
2026-03-25 09:15:02.420,20260325,91502420,000009.SZ,193957,2,0,9.0,100
2026-03-25 09:15:02.420,20260325,91502420,000009.SZ,193969,2,0,9.25,100
2026-03-25 09:15:02.420,20260325,91502420,000009.SZ,193988,2,0,9.61,100
2026-03-25 09:15:02.450,20260325,91502450,000009.SZ,194474,1,0,8.73,500
2026-03-25 09:15:02.460,20260325,91502460,000009.SZ,194574,1,0,8.66,100
2026-03-25 09:15:02.500,20260325,91502500,000009.SZ,195024,1,0,8.4,400
2026-03-25 09:15:02.520,20260325,91502520,000009.SZ,195358,2,0,8.97,1000
2026-03-25 09:15:02.520,20260325,91502520,000009.SZ,195431,2,0,9.02,100
2026-03-25 09:15:02.520,20260325,91502520,000009.SZ,195432,2,0,9.58,100
2026-03-25 09:15:02.540,20260325,91502540,000009.SZ,195994,2,0,9.61,1000
2026-03-25 09:15:02.620,20260325,91502620,000009.SZ,198058,1,0,8.74,1200
2026-03-25 09:15:02.650,20260325,91502650,000009.SZ,198863,2,0,9.6,400
2026-03-25 09:15:02.690,20260325,91502690,000009.SZ,199301,1,0,7.87,1000
2026-03-25 09:15:02.710,20260325,91502710,000009.SZ,199602,1,0,8.61,3000
2026-03-25 09:15:02.720,20260325,91502720,000009.SZ,199761,2,0,9.0,100
2026-03-25 09:15:02.720,20260325,91502720,000009.SZ,199768,2,0,9.34,1200
2026-03-25 09:15:02.720,20260325,91502720,000009.SZ,199897,2,0,9.2,2000
2026-03-25 09:15:02.730,20260325,91502730,000009.SZ,200179,2,0,9.61,4900
2026-03-25 09:15:02.740,20260325,91502740,000009.SZ,200465,1,0,8.0,500
2026-03-25 09:15:02.750,20260325,91502750,000009.SZ,200631,1,0,8.5,300
2026-03-25 09:15:02.750,20260325,91502750,000009.SZ,200772,1,0,8.23,1200
2026-03-25 09:15:02.790,20260325,91502790,000009.SZ,202299,2,0,9.61,4400
2026-03-25 09:15:02.810,20260325,91502810,000009.SZ,202750,2,0,8.85,300
2026-03-25 09:15:02.840,20260325,91502840,000009.SZ,203036,2,0,9.28,4500
2026-03-25 09:15:02.930,20260325,91502930,000009.SZ,204399,1,0,7.89,100
2026-03-25 09:15:02.980,20260325,91502980,000009.SZ,205025,1,0,8.2,2000
2026-03-25 09:15:03.010,20260325,91503010,000009.SZ,205595,2,0,9.45,500
2026-03-25 09:15:03.060,20260325,91503060,000009.SZ,206366,2,0,8.99,2000
2026-03-25 09:15:03.060,20260325,91503060,000009.SZ,206423,2,0,8.89,100
2026-03-25 09:15:03.090,20260325,91503090,000009.SZ,206833,2,0,9.28,800
2026-03-25 09:15:03.110,20260325,91503110,000009.SZ,207004,1,0,8.51,100
2026-03-25 09:15:03.260,20260325,91503260,000009.SZ,208303,2,0,9.47,1000
2026-03-25 09:15:03.420,20260325,91503420,000009.SZ,209220,2,0,9.61,700
2026-03-25 09:15:03.560,20260325,91503560,000009.SZ,210634,1,0,8.29,200
2026-03-25 09:15:03.580,20260325,91503580,000009.SZ,210937,2,0,9.59,300
2026-03-25 09:15:03.590,20260325,91503590,000009.SZ,211155,1,0,8.33,100
2026-03-25 09:15:03.600,20260325,91503600,000009.SZ,211265,2,0,9.43,500
2026-03-25 09:15:03.600,20260325,91503600,000009.SZ,211339,2,0,9.43,500
2026-03-25 09:15:03.620,20260325,91503620,000009.SZ,211676,2,0,8.74,1000
2026-03-25 09:15:03.690,20260325,91503690,000009.SZ,212557,1,0,8.2,500
2026-03-25 09:15:03.740,20260325,91503740,000009.SZ,213106,2,0,8.77,1000
2026-03-25 09:15:03.740,20260325,91503740,000009.SZ,213147,2,0,9.21,500
2026-03-25 09:15:03.740,20260325,91503740,000009.SZ,213233,1,0,8.4,5000
2026-03-25 09:15:03.750,20260325,91503750,000009.SZ,213306,2,0,7.87,1600
2026-03-25 09:15:03.750,20260325,91503750,000009.SZ,213338,2,0,8.94,1500
2026-03-25 09:15:03.750,20260325,91503750,000009.SZ,213442,1,0,8.4,1200
2026-03-25 09:15:03.750,20260325,91503750,000009.SZ,213547,1,0,8.4,1000
2026-03-25 09:15:03.760,20260325,91503760,000009.SZ,213641,1,0,8.43,5900
2026-03-25 09:15:03.770,20260325,91503770,000009.SZ,214049,2,0,8.63,1000
2026-03-25 09:15:03.770,20260325,91503770,000009.SZ,214186,1,0,7.87,3000
2026-03-25 09:15:03.790,20260325,91503790,000009.SZ,214443,1,0,8.28,2000
2026-03-25 09:15:03.820,20260325,91503820,000009.SZ,214913,2,0,8.93,100
2026-03-25 09:15:03.840,20260325,91503840,000009.SZ,215012,1,0,8.0,300
2026-03-25 09:15:03.850,20260325,91503850,000009.SZ,215098,2,0,9.61,200
2026-03-25 09:15:03.990,20260325,91503990,000009.SZ,216150,1,0,8.41,2000
2026-03-25 09:15:03.990,20260325,91503990,000009.SZ,216180,2,0,9.34,1700
2026-03-25 09:15:04.520,20260325,91504520,000009.SZ,217729,2,0,9.61,500
2026-03-25 09:15:04.540,20260325,91504540,000009.SZ,217892,2,0,9.27,18000
2026-03-25 09:15:04.590,20260325,91504590,000009.SZ,218532,2,0,8.96,1000
2026-03-25 09:15:04.630,20260325,91504630,000009.SZ,218963,2,0,9.16,100
2026-03-25 09:15:04.820,20260325,91504820,000009.SZ,220670,1,0,8.6,1000
2026-03-25 09:15:04.820,20260325,91504820,000009.SZ,220671,2,0,9.52,2000
2026-03-25 09:15:04.850,20260325,91504850,000009.SZ,220704,1,0,8.5,1000
2026-03-25 09:15:04.990,20260325,91504990,000009.SZ,221229,1,0,8.31,1200
2026-03-25 09:15:05.000,20260325,91505000,000009.SZ,221292,2,0,8.86,600
2026-03-25 09:15:05.000,20260325,91505000,000009.SZ,221294,1,0,8.58,300
2026-03-25 09:15:05.040,20260325,91505040,000009.SZ,221481,1,0,8.74,700
2026-03-25 09:15:05.070,20260325,91505070,000009.SZ,221576,2,0,9.54,6000
2026-03-25 09:15:05.070,20260325,91505070,000009.SZ,221580,1,0,8.51,4000
2026-03-25 09:15:05.530,20260325,91505530,000009.SZ,222353,2,0,9.61,3300
2026-03-25 09:15:05.540,20260325,91505540,000009.SZ,222394,1,0,8.4,100
2026-03-25 09:15:05.780,20260325,91505780,000009.SZ,223506,2,0,8.87,1000
2026-03-25 09:15:05.850,20260325,91505850,000009.SZ,223585,2,0,8.65,600
2026-03-25 09:15:05.990,20260325,91505990,000009.SZ,223916,2,0,8.99,900
2026-03-25 09:15:09.910,20260325,91509910,000009.SZ,225805,2,0,7.87,600
2026-03-25 09:15:12.240,20260325,91512240,000009.SZ,226174,2,0,8.76,200
2026-03-25 09:15:12.240,20260325,91512240,000009.SZ,226175,1,0,8.62,200
2026-03-25 09:15:15.120,20260325,91515120,000009.SZ,226608,2,0,9.6,5700
2026-03-25 09:15:17.050,20260325,91517050,000009.SZ,226955,1,0,9.61,1500
2026-03-25 09:15:17.140,20260325,91517140,000009.SZ,226979,2,0,8.97,1000
2026-03-25 09:15:19.720,20260325,91519720,000009.SZ,227476,2,0,8.98,200
2026-03-25 09:15:25.680,20260325,91525680,000009.SZ,228541,2,0,9.18,5600
2026-03-25 09:15:29.250,20260325,91529250,000009.SZ,229152,2,0,8.91,100
2026-03-25 09:15:39.180,20260325,91539180,000009.SZ,231130,2,0,8.9,100
2026-03-25 09:15:39.180,20260325,91539180,000009.SZ,231131,1,0,8.1,100
2026-03-25 09:15:41.670,20260325,91541670,000009.SZ,231592,2,0,9.0,31400
2026-03-25 09:15:41.780,20260325,91541780,000009.SZ,231611,2,0,9.61,500
2026-03-25 09:15:41.840,20260325,91541840,000009.SZ,231619,2,0,9.61,600
2026-03-25 09:15:41.920,20260325,91541920,000009.SZ,231631,2,0,9.32,5800
2026-03-25 09:15:46.690,20260325,91546690,000009.SZ,232575,1,0,8.46,500
2026-03-25 09:15:50.190,20260325,91550190,000009.SZ,233319,2,0,8.76,200
2026-03-25 09:15:50.950,20260325,91550950,000009.SZ,233464,2,0,9.2,31400
2026-03-25 09:15:54.400,20260325,91554400,000009.SZ,234179,2,0,9.04,1000
2026-03-25 09:15:55.170,20260325,91555170,000009.SZ,234369,2,0,9.23,500
2026-03-25 09:15:56.410,20260325,91556410,000009.SZ,234663,2,0,8.98,500
2026-03-25 09:16:03.740,20260325,91603740,000009.SZ,236578,2,0,9.31,100
2026-03-25 09:16:03.740,20260325,91603740,000009.SZ,236579,1,0,8.04,100
2026-03-25 09:16:04.240,20260325,91604240,000009.SZ,236740,2,0,8.8,100
2026-03-25 09:16:06.260,20260325,91606260,000009.SZ,237350,2,0,9.36,1000
2026-03-25 09:16:07.820,20260325,91607820,000009.SZ,237750,2,0,9.22,600
2026-03-25 09:16:10.090,20260325,91610090,000009.SZ,238353,2,0,8.84,100
2026-03-25 09:16:16.040,20260325,91616040,000009.SZ,239712,2,0,9.61,1400
2026-03-25 09:16:16.220,20260325,91616220,000009.SZ,239754,2,0,8.88,100
2026-03-25 09:16:16.680,20260325,91616680,000009.SZ,239856,2,0,9.07,5500
2026-03-25 09:16:19.380,20260325,91619380,000009.SZ,240495,2,0,9.55,800
2026-03-25 09:16:21.700,20260325,91621700,000009.SZ,241001,1,0,7.98,900
2026-03-25 09:16:21.930,20260325,91621930,000009.SZ,241057,2,0,9.61,22700
2026-03-25 09:16:22.390,20260325,91622390,000009.SZ,241150,2,0,8.92,100
2026-03-25 09:16:24.400,20260325,91624400,000009.SZ,241573,2,0,9.2,5000
2026-03-25 09:16:25.850,20260325,91625850,000009.SZ,241889,1,0,8.52,4400
2026-03-25 09:16:26.170,20260325,91626170,000009.SZ,241956,2,0,9.6,900
2026-03-25 09:16:28.290,20260325,91628290,000009.SZ,242379,2,0,8.96,100
2026-03-25 09:16:32.460,20260325,91632460,000009.SZ,243449,1,0,8.75,100
2026-03-25 09:16:33.860,20260325,91633860,000009.SZ,243773,1,0,8.65,2300
2026-03-25 09:16:34.390,20260325,91634390,000009.SZ,243891,1,0,8.72,100
2026-03-25 09:16:40.040,20260325,91640040,000009.SZ,245150,2,0,9.1,7000
2026-03-25 09:16:47.870,20260325,91647870,000009.SZ,246985,2,0,9.61,200
2026-03-25 09:16:49.640,20260325,91649640,000009.SZ,247477,2,0,9.61,100
2026-03-25 09:16:56.210,20260325,91656210,000009.SZ,249088,1,0,8.75,1300
2026-03-25 09:17:00.330,20260325,91700330,000009.SZ,250068,1,0,9.01,200
2026-03-25 09:17:03.460,20260325,91703460,000009.SZ,250911,2,0,9.61,2000
2026-03-25 09:17:12.430,20260325,91712430,000009.SZ,253202,1,0,8.57,10300
2026-03-25 09:17:12.530,20260325,91712530,000009.SZ,253232,2,0,9.61,1200
2026-03-25 09:17:12.830,20260325,91712830,000009.SZ,253314,2,0,9.19,100
2026-03-25 09:17:13.210,20260325,91713210,000009.SZ,253415,2,0,8.98,1000
2026-03-25 09:17:13.280,20260325,91713280,000009.SZ,253430,2,0,9.0,5800
2026-03-25 09:17:23.990,20260325,91723990,000009.SZ,256251,2,0,9.3,1000
2026-03-25 09:17:30.400,20260325,91730400,000009.SZ,257943,1,0,8.57,1200
2026-03-25 09:17:31.610,20260325,91731610,000009.SZ,258278,2,0,9.17,200
2026-03-25 09:17:34.640,20260325,91734640,000009.SZ,259077,2,0,9.61,17200
2026-03-25 09:17:36.150,20260325,91736150,000009.SZ,259485,1,0,8.76,10000
2026-03-25 09:17:39.170,20260325,91739170,000009.SZ,260284,2,0,8.98,100
2026-03-25 09:17:39.390,20260325,91739390,000009.SZ,260335,1,0,8.44,500
2026-03-25 09:17:47.620,20260325,91747620,000009.SZ,262645,2,0,8.99,400
2026-03-25 09:17:47.650,20260325,91747650,000009.SZ,262656,2,0,8.9,400
2026-03-25 09:17:48.100,20260325,91748100,000009.SZ,262762,2,0,8.96,1000
2026-03-25 09:17:49.990,20260325,91749990,000009.SZ,263280,2,0,8.94,2000
2026-03-25 09:17:50.260,20260325,91750260,000009.SZ,263347,1,0,8.76,10000
2026-03-25 09:17:54.290,20260325,91754290,000009.SZ,264401,2,0,8.99,1000
2026-03-25 09:17:56.820,20260325,91756820,000009.SZ,265087,2,0,9.61,2000
2026-03-25 09:18:00.620,20260325,91800620,000009.SZ,266175,2,0,9.6,1200
2026-03-25 09:18:03.040,20260325,91803040,000009.SZ,266872,1,0,8.76,12000
2026-03-25 09:18:05.340,20260325,91805340,000009.SZ,267533,2,0,9.0,1000
2026-03-25 09:18:06.210,20260325,91806210,000009.SZ,267811,2,0,9.08,700
2026-03-25 09:18:08.300,20260325,91808300,000009.SZ,268515,1,0,8.76,100
2026-03-25 09:18:12.030,20260325,91812030,000009.SZ,269628,2,0,8.88,1500
2026-03-25 09:18:13.380,20260325,91813380,000009.SZ,270010,2,0,9.36,1000
2026-03-25 09:18:15.880,20260325,91815880,000009.SZ,270742,2,0,8.88,8000
2026-03-25 09:18:17.350,20260325,91817350,000009.SZ,271203,1,0,8.5,30000
2026-03-25 09:18:21.450,20260325,91821450,000009.SZ,272422,1,0,8.68,1100
2026-03-25 09:18:22.840,20260325,91822840,000009.SZ,272840,2,0,8.76,1000
2026-03-25 09:18:26.910,20260325,91826910,000009.SZ,274072,1,0,8.01,1600
2026-03-25 09:18:31.750,20260325,91831750,000009.SZ,275534,2,0,9.34,200
2026-03-25 09:18:32.130,20260325,91832130,000009.SZ,275657,2,0,8.87,10000
2026-03-25 09:18:32.700,20260325,91832700,000009.SZ,275846,2,0,9.6,300
2026-03-25 09:18:34.180,20260325,91834180,000009.SZ,276288,2,0,9.16,500
2026-03-25 09:18:34.250,20260325,91834250,000009.SZ,276311,2,0,8.74,400
2026-03-25 09:18:35.920,20260325,91835920,000009.SZ,276820,2,0,9.13,1000
2026-03-25 09:18:40.000,20260325,91840000,000009.SZ,278035,1,0,8.56,8000
2026-03-25 09:18:43.410,20260325,91843410,000009.SZ,279289,1,0,8.76,2000
2026-03-25 09:18:44.850,20260325,91844850,000009.SZ,279721,2,0,9.28,3200
2026-03-25 09:18:45.590,20260325,91845590,000009.SZ,279968,2,0,9.61,20000
2026-03-25 09:18:49.970,20260325,91849970,000009.SZ,281282,1,0,8.76,3600
2026-03-25 09:18:50.230,20260325,91850230,000009.SZ,281357,1,0,8.3,100
2026-03-25 09:18:53.260,20260325,91853260,000009.SZ,282356,2,0,8.98,2500
2026-03-25 09:18:58.500,20260325,91858500,000009.SZ,284062,2,0,8.97,200
2026-03-25 09:19:00.050,20260325,91900050,000009.SZ,284565,2,0,8.99,500
2026-03-25 09:19:03.050,20260325,91903050,000009.SZ,285543,2,0,9.0,600
2026-03-25 09:19:09.520,20260325,91909520,000009.SZ,287616,2,0,9.61,8000
2026-03-25 09:19:10.030,20260325,91910030,000009.SZ,287766,2,0,8.93,3200
2026-03-25 09:19:16.040,20260325,91916040,000009.SZ,289714,1,0,8.36,2000
2026-03-25 09:19:21.230,20260325,91921230,000009.SZ,291374,2,0,8.96,10000
2026-03-25 09:19:23.000,20260325,91923000,000009.SZ,291944,1,0,8.65,2000
2026-03-25 09:19:28.490,20260325,91928490,000009.SZ,293759,2,0,8.99,1000
2026-03-25 09:19:28.930,20260325,91928930,000009.SZ,293885,2,0,8.76,5900
2026-03-25 09:19:32.800,20260325,91932800,000009.SZ,295178,2,0,9.61,300
2026-03-25 09:19:38.280,20260325,91938280,000009.SZ,296926,2,0,9.61,14800
2026-03-25 09:19:40.270,20260325,91940270,000009.SZ,297557,2,0,8.84,6400
2026-03-25 09:19:40.860,20260325,91940860,000009.SZ,297732,2,0,9.15,1000
2026-03-25 09:19:42.920,20260325,91942920,000009.SZ,298475,2,0,9.19,33100
2026-03-25 09:19:43.150,20260325,91943150,000009.SZ,298559,2,0,9.61,8000
2026-03-25 09:19:46.310,20260325,91946310,000009.SZ,299516,2,0,9.58,1000
2026-03-25 09:19:47.670,20260325,91947670,000009.SZ,299954,2,0,9.61,400
2026-03-25 09:19:51.130,20260325,91951130,000009.SZ,301182,2,0,7.87,400
2026-03-25 09:19:56.840,20260325,91956840,000009.SZ,303042,1,0,8.55,1000
2026-03-25 09:19:57.600,20260325,91957600,000009.SZ,303293,2,0,9.6,1000
2026-03-25 09:20:00.870,20260325,92000870,000009.SZ,304375,1,0,8.74,4800
2026-03-25 09:20:01.500,20260325,92001500,000009.SZ,304715,2,0,8.99,4200
2026-03-25 09:20:02.070,20260325,92002070,000009.SZ,304914,2,0,8.57,100
2026-03-25 09:20:02.220,20260325,92002220,000009.SZ,305002,1,0,8.66,5500
2026-03-25 09:20:02.650,20260325,92002650,000009.SZ,305165,1,0,8.91,300
2026-03-25 09:20:03.060,20260325,92003060,000009.SZ,305360,1,0,8.4,1000
2026-03-25 09:20:03.940,20260325,92003940,000009.SZ,305655,2,0,9.05,1000
2026-03-25 09:20:05.520,20260325,92005520,000009.SZ,306254,1,0,8.08,200
2026-03-25 09:20:08.860,20260325,92008860,000009.SZ,307305,2,0,9.07,5800
2026-03-25 09:20:08.950,20260325,92008950,000009.SZ,307323,2,0,8.8,3000
2026-03-25 09:20:11.520,20260325,92011520,000009.SZ,308208,2,0,9.4,1100
2026-03-25 09:20:17.040,20260325,92017040,000009.SZ,309752,2,0,9.3,500
2026-03-25 09:20:19.130,20260325,92019130,000009.SZ,310344,1,0,8.76,300
2026-03-25 09:20:21.830,20260325,92021830,000009.SZ,311111,2,0,8.8,500
2026-03-25 09:20:24.630,20260325,92024630,000009.SZ,311935,2,0,9.5,100
2026-03-25 09:20:26.130,20260325,92026130,000009.SZ,312385,2,0,8.82,600
2026-03-25 09:20:28.350,20260325,92028350,000009.SZ,313149,2,0,7.87,1000
2026-03-25 09:20:29.380,20260325,92029380,000009.SZ,313526,2,0,9.39,1000
2026-03-25 09:20:32.250,20260325,92032250,000009.SZ,314385,2,0,9.0,1200
2026-03-25 09:20:33.740,20260325,92033740,000009.SZ,314850,1,0,8.46,200
2026-03-25 09:20:37.440,20260325,92037440,000009.SZ,315989,2,0,8.74,500
2026-03-25 09:20:38.550,20260325,92038550,000009.SZ,316335,1,0,8.76,1000
2026-03-25 09:20:41.380,20260325,92041380,000009.SZ,317253,1,0,8.48,1500
2026-03-25 09:20:47.510,20260325,92047510,000009.SZ,319189,2,0,9.61,200
2026-03-25 09:20:47.670,20260325,92047670,000009.SZ,319235,2,0,8.98,600
2026-03-25 09:20:50.390,20260325,92050390,000009.SZ,320055,2,0,8.86,3000
2026-03-25 09:20:54.880,20260325,92054880,000009.SZ,321487,2,0,9.28,6000
2026-03-25 09:20:56.430,20260325,92056430,000009.SZ,321964,2,0,8.98,2000
2026-03-25 09:20:57.070,20260325,92057070,000009.SZ,322141,2,0,9.0,500
2026-03-25 09:20:58.070,20260325,92058070,000009.SZ,322437,2,0,9.0,1000
2026-03-25 09:20:59.230,20260325,92059230,000009.SZ,322787,1,0,8.17,600
2026-03-25 09:20:59.340,20260325,92059340,000009.SZ,322813,2,0,9.03,600
2026-03-25 09:20:59.760,20260325,92059760,000009.SZ,322924,2,0,8.93,200
2026-03-25 09:21:01.360,20260325,92101360,000009.SZ,324081,2,0,9.4,100
2026-03-25 09:21:01.790,20260325,92101790,000009.SZ,324251,2,0,9.11,50000
2026-03-25 09:21:02.200,20260325,92102200,000009.SZ,324495,2,0,9.28,1000
2026-03-25 09:21:02.590,20260325,92102590,000009.SZ,324679,2,0,9.6,400
2026-03-25 09:21:03.940,20260325,92103940,000009.SZ,325142,2,0,9.43,300
2026-03-25 09:21:11.900,20260325,92111900,000009.SZ,327905,2,0,8.7,3100
2026-03-25 09:21:11.970,20260325,92111970,000009.SZ,327938,2,0,8.7,1900
2026-03-25 09:21:15.340,20260325,92115340,000009.SZ,329122,2,0,9.22,1000
2026-03-25 09:21:15.590,20260325,92115590,000009.SZ,329237,2,0,8.96,5000
2026-03-25 09:21:15.750,20260325,92115750,000009.SZ,329282,2,0,8.82,800
2026-03-25 09:21:19.590,20260325,92119590,000009.SZ,330572,2,0,8.88,2000
2026-03-25 09:21:19.640,20260325,92119640,000009.SZ,330584,2,0,8.85,500
2026-03-25 09:21:19.750,20260325,92119750,000009.SZ,330626,1,0,8.5,1000
2026-03-25 09:21:22.690,20260325,92122690,000009.SZ,331614,1,0,8.37,9400
2026-03-25 09:21:23.180,20260325,92123180,000009.SZ,331776,2,0,9.61,10000
2026-03-25 09:21:29.500,20260325,92129500,000009.SZ,334037,1,0,8.76,1200
2026-03-25 09:21:32.360,20260325,92132360,000009.SZ,335108,1,0,8.76,2000
2026-03-25 09:21:37.600,20260325,92137600,000009.SZ,336904,1,0,9.61,500
2026-03-25 09:21:40.250,20260325,92140250,000009.SZ,337886,2,0,8.74,400
2026-03-25 09:21:42.620,20260325,92142620,000009.SZ,338727,2,0,9.61,100000
2026-03-25 09:21:43.500,20260325,92143500,000009.SZ,339049,2,0,9.16,600
2026-03-25 09:21:48.570,20260325,92148570,000009.SZ,340797,2,0,8.75,7000
2026-03-25 09:21:51.270,20260325,92151270,000009.SZ,341760,2,0,9.61,27300
2026-03-25 09:21:51.930,20260325,92151930,000009.SZ,342001,2,0,9.16,1800
2026-03-25 09:21:54.020,20260325,92154020,000009.SZ,342776,2,0,8.89,2000
2026-03-25 09:21:55.670,20260325,92155670,000009.SZ,343435,2,0,9.61,100
2026-03-25 09:21:57.580,20260325,92157580,000009.SZ,344097,2,0,8.9,200
2026-03-25 09:22:02.930,20260325,92202930,000009.SZ,345995,2,0,8.88,2600
2026-03-25 09:22:03.330,20260325,92203330,000009.SZ,346138,1,0,8.55,1200
2026-03-25 09:22:09.730,20260325,92209730,000009.SZ,348478,1,0,8.6,100
2026-03-25 09:22:12.560,20260325,92212560,000009.SZ,349482,2,0,8.79,500
2026-03-25 09:22:12.750,20260325,92212750,000009.SZ,349551,2,0,9.61,3900
2026-03-25 09:22:13.680,20260325,92213680,000009.SZ,349899,2,0,8.96,1200
2026-03-25 09:22:18.010,20260325,92218010,000009.SZ,351605,1,0,8.72,3700
2026-03-25 09:22:18.350,20260325,92218350,000009.SZ,351734,1,0,8.76,500
2026-03-25 09:22:20.750,20260325,92220750,000009.SZ,352624,2,0,9.06,500
2026-03-25 09:22:20.830,20260325,92220830,000009.SZ,352649,2,0,9.61,500
2026-03-25 09:22:23.530,20260325,92223530,000009.SZ,353678,1,0,8.76,200
2026-03-25 09:22:23.840,20260325,92223840,000009.SZ,353807,1,0,8.78,53300
2026-03-25 09:22:24.400,20260325,92224400,000009.SZ,354034,2,0,8.76,2200
2026-03-25 09:22:25.040,20260325,92225040,000009.SZ,354300,1,0,8.43,800
2026-03-25 09:22:29.510,20260325,92229510,000009.SZ,356031,2,0,9.01,2000
2026-03-25 09:22:29.760,20260325,92229760,000009.SZ,356136,2,0,8.78,500
2026-03-25 09:22:34.080,20260325,92234080,000009.SZ,357944,1,0,8.3,1000
2026-03-25 09:22:35.420,20260325,92235420,000009.SZ,358464,2,0,8.76,100
2026-03-25 09:22:36.100,20260325,92236100,000009.SZ,358750,2,0,9.42,600
2026-03-25 09:22:37.150,20260325,92237150,000009.SZ,359149,1,0,8.7,200
2026-03-25 09:22:37.590,20260325,92237590,000009.SZ,359323,1,0,8.4,200
2026-03-25 09:22:40.530,20260325,92240530,000009.SZ,360519,2,0,9.61,1200
2026-03-25 09:22:40.950,20260325,92240950,000009.SZ,360686,1,0,8.55,2000
2026-03-25 09:22:43.110,20260325,92243110,000009.SZ,361618,2,0,9.28,2000
2026-03-25 09:22:48.170,20260325,92248170,000009.SZ,363674,2,0,9.08,4000
2026-03-25 09:22:48.730,20260325,92248730,000009.SZ,363895,2,0,9.6,800
2026-03-25 09:22:50.150,20260325,92250150,000009.SZ,364439,2,0,9.0,1000
2026-03-25 09:22:51.560,20260325,92251560,000009.SZ,365050,2,0,8.78,6600
2026-03-25 09:22:53.300,20260325,92253300,000009.SZ,365816,2,0,9.0,100
2026-03-25 09:22:55.870,20260325,92255870,000009.SZ,366862,1,0,8.5,1000
2026-03-25 09:22:55.990,20260325,92255990,000009.SZ,366908,1,0,8.52,3200
2026-03-25 09:22:56.910,20260325,92256910,000009.SZ,367290,2,0,9.0,600
2026-03-25 09:22:58.650,20260325,92258650,000009.SZ,368050,1,0,8.78,700
2026-03-25 09:22:59.070,20260325,92259070,000009.SZ,368203,2,0,8.78,500
2026-03-25 09:23:02.040,20260325,92302040,000009.SZ,369578,2,0,9.6,7100
2026-03-25 09:23:06.420,20260325,92306420,000009.SZ,371568,2,0,8.87,1600
2026-03-25 09:23:11.370,20260325,92311370,000009.SZ,373772,2,0,9.61,400
2026-03-25 09:23:11.820,20260325,92311820,000009.SZ,373979,2,0,8.72,700
2026-03-25 09:23:11.980,20260325,92311980,000009.SZ,374036,2,0,9.17,5000
2026-03-25 09:23:13.080,20260325,92313080,000009.SZ,374521,2,0,9.5,100
2026-03-25 09:23:13.880,20260325,92313880,000009.SZ,374866,2,0,9.61,3000
2026-03-25 09:23:15.630,20260325,92315630,000009.SZ,375625,1,0,8.71,1000
2026-03-25 09:23:15.790,20260325,92315790,000009.SZ,375699,2,0,8.81,4000
2026-03-25 09:23:16.130,20260325,92316130,000009.SZ,375862,2,0,8.78,700
2026-03-25 09:23:16.130,20260325,92316130,000009.SZ,375867,2,0,8.98,1000
2026-03-25 09:23:17.990,20260325,92317990,000009.SZ,376701,2,0,8.99,600
2026-03-25 09:23:19.150,20260325,92319150,000009.SZ,377263,1,0,8.78,500
2026-03-25 09:23:22.650,20260325,92322650,000009.SZ,378906,1,0,8.56,800
2026-03-25 09:23:23.640,20260325,92323640,000009.SZ,379353,2,0,8.58,900
2026-03-25 09:23:26.420,20260325,92326420,000009.SZ,380679,2,0,9.19,500
2026-03-25 09:23:26.670,20260325,92326670,000009.SZ,380801,2,0,8.89,5000
2026-03-25 09:23:26.810,20260325,92326810,000009.SZ,380861,2,0,9.33,500
2026-03-25 09:23:26.860,20260325,92326860,000009.SZ,380884,1,0,8.78,2300
2026-03-25 09:23:30.420,20260325,92330420,000009.SZ,382570,2,0,8.89,3000
2026-03-25 09:23:30.900,20260325,92330900,000009.SZ,382829,1,0,8.2,17000
2026-03-25 09:23:30.980,20260325,92330980,000009.SZ,382870,2,0,9.21,1900
2026-03-25 09:23:31.750,20260325,92331750,000009.SZ,383238,2,0,9.09,2000
2026-03-25 09:23:31.840,20260325,92331840,000009.SZ,383277,2,0,9.14,5000
2026-03-25 09:23:32.290,20260325,92332290,000009.SZ,383508,1,0,8.78,500
2026-03-25 09:23:34.230,20260325,92334230,000009.SZ,384448,2,0,8.71,1700
2026-03-25 09:23:36.400,20260325,92336400,000009.SZ,385539,2,0,8.96,2200
2026-03-25 09:23:36.560,20260325,92336560,000009.SZ,385621,2,0,8.89,200
2026-03-25 09:23:38.020,20260325,92338020,000009.SZ,386427,2,0,8.78,300
2026-03-25 09:23:38.500,20260325,92338500,000009.SZ,386633,2,0,9.6,500
2026-03-25 09:23:41.000,20260325,92341000,000009.SZ,387896,1,0,8.78,300
2026-03-25 09:23:42.320,20260325,92342320,000009.SZ,388590,2,0,9.61,500
2026-03-25 09:23:43.480,20260325,92343480,000009.SZ,389162,2,0,9.21,2000
2026-03-25 09:23:45.680,20260325,92345680,000009.SZ,390286,2,0,9.6,1000
2026-03-25 09:23:46.360,20260325,92346360,000009.SZ,390618,2,0,9.61,1000
2026-03-25 09:23:46.620,20260325,92346620,000009.SZ,390761,2,0,9.46,1000
2026-03-25 09:23:48.570,20260325,92348570,000009.SZ,391778,1,0,8.78,5000
2026-03-25 09:23:48.960,20260325,92348960,000009.SZ,391998,1,0,7.98,1500
2026-03-25 09:23:50.340,20260325,92350340,000009.SZ,392745,2,0,9.61,8400
2026-03-25 09:23:50.940,20260325,92350940,000009.SZ,393035,1,0,8.56,500
2026-03-25 09:23:51.310,20260325,92351310,000009.SZ,393233,2,0,8.75,1000
2026-03-25 09:23:51.410,20260325,92351410,000009.SZ,393285,2,0,9.3,300
2026-03-25 09:23:51.600,20260325,92351600,000009.SZ,393393,2,0,9.61,1000
2026-03-25 09:23:52.840,20260325,92352840,000009.SZ,394030,2,0,9.61,8000
2026-03-25 09:23:52.920,20260325,92352920,000009.SZ,394077,2,0,8.89,1000
2026-03-25 09:23:54.050,20260325,92354050,000009.SZ,394634,1,0,8.41,100
2026-03-25 09:23:56.890,20260325,92356890,000009.SZ,396106,2,0,9.61,3200
2026-03-25 09:23:57.380,20260325,92357380,000009.SZ,396381,2,0,8.87,900
2026-03-25 09:23:58.400,20260325,92358400,000009.SZ,396940,2,0,8.78,500
2026-03-25 09:24:02.050,20260325,92402050,000009.SZ,399104,2,0,9.0,100
2026-03-25 09:24:02.300,20260325,92402300,000009.SZ,399234,2,0,9.51,3200
2026-03-25 09:24:04.820,20260325,92404820,000009.SZ,400763,1,0,8.78,2200
2026-03-25 09:24:04.880,20260325,92404880,000009.SZ,400796,2,0,9.2,300
2026-03-25 09:24:05.340,20260325,92405340,000009.SZ,401060,1,0,8.6,3100
2026-03-25 09:24:06.680,20260325,92406680,000009.SZ,401848,1,0,8.78,100
2026-03-25 09:24:06.970,20260325,92406970,000009.SZ,402013,2,0,8.9,1000
2026-03-25 09:24:07.400,20260325,92407400,000009.SZ,402287,2,0,9.42,3200
2026-03-25 09:24:08.590,20260325,92408590,000009.SZ,403057,2,0,8.96,4900
2026-03-25 09:24:09.380,20260325,92409380,000009.SZ,403535,1,0,8.71,2000
2026-03-25 09:24:10.390,20260325,92410390,000009.SZ,404198,2,0,8.7,900
2026-03-25 09:24:13.980,20260325,92413980,000009.SZ,406748,2,0,9.36,1700
2026-03-25 09:24:15.560,20260325,92415560,000009.SZ,407797,2,0,8.98,500
2026-03-25 09:24:22.050,20260325,92422050,000009.SZ,412790,2,0,8.93,500
2026-03-25 09:24:22.510,20260325,92422510,000009.SZ,413135,2,0,9.3,1800
2026-03-25 09:24:24.890,20260325,92424890,000009.SZ,414912,2,0,9.61,400
2026-03-25 09:24:27.720,20260325,92427720,000009.SZ,417147,2,0,8.88,2000
2026-03-25 09:24:29.740,20260325,92429740,000009.SZ,418812,2,0,8.76,6600
2026-03-25 09:24:29.850,20260325,92429850,000009.SZ,418907,2,0,8.9,1000
2026-03-25 09:24:30.230,20260325,92430230,000009.SZ,419241,2,0,9.4,200
2026-03-25 09:24:34.680,20260325,92434680,000009.SZ,422929,2,0,8.81,1000
2026-03-25 09:24:35.060,20260325,92435060,000009.SZ,423263,2,0,8.75,1200
2026-03-25 09:24:37.780,20260325,92437780,000009.SZ,425423,2,0,8.99,1000
2026-03-25 09:24:38.860,20260325,92438860,000009.SZ,426510,1,0,8.81,200
2026-03-25 09:24:38.860,20260325,92438860,000009.SZ,426512,1,0,8.81,100
2026-03-25 09:24:38.860,20260325,92438860,000009.SZ,426514,1,0,8.81,200
2026-03-25 09:24:38.880,20260325,92438880,000009.SZ,426528,1,0,8.81,300
2026-03-25 09:24:38.880,20260325,92438880,000009.SZ,426530,1,0,8.81,400
2026-03-25 09:24:38.880,20260325,92438880,000009.SZ,426531,1,0,8.81,100
2026-03-25 09:24:38.880,20260325,92438880,000009.SZ,426532,1,0,8.81,100
2026-03-25 09:24:38.880,20260325,92438880,000009.SZ,426533,1,0,8.81,400
2026-03-25 09:24:38.880,20260325,92438880,000009.SZ,426534,1,0,8.81,100
2026-03-25 09:24:38.880,20260325,92438880,000009.SZ,426535,1,0,8.81,700
2026-03-25 09:24:38.880,20260325,92438880,000009.SZ,426539,1,0,8.81,500
2026-03-25 09:24:38.880,20260325,92438880,000009.SZ,426542,1,0,8.81,100
2026-03-25 09:24:38.880,20260325,92438880,000009.SZ,426543,1,0,8.81,100
2026-03-25 09:24:38.890,20260325,92438890,000009.SZ,426554,1,0,8.81,200
2026-03-25 09:24:39.280,20260325,92439280,000009.SZ,426931,2,0,8.81,6800
2026-03-25 09:24:39.830,20260325,92439830,000009.SZ,427567,1,0,8.78,1000
2026-03-25 09:24:42.640,20260325,92442640,000009.SZ,430006,2,0,8.84,4400
2026-03-25 09:24:42.730,20260325,92442730,000009.SZ,430087,2,0,8.84,1200
2026-03-25 09:24:42.730,20260325,92442730,000009.SZ,430091,1,0,8.6,1000
2026-03-25 09:24:45.830,20260325,92445830,000009.SZ,432753,2,0,8.78,300
2026-03-25 09:24:46.320,20260325,92446320,000009.SZ,433177,2,0,8.78,10000
2026-03-25 09:24:46.370,20260325,92446370,000009.SZ,433230,2,0,8.78,300
2026-03-25 09:24:48.070,20260325,92448070,000009.SZ,434832,2,0,9.26,1000
2026-03-25 09:24:50.600,20260325,92450600,000009.SZ,437658,2,0,9.01,300
2026-03-25 09:24:52.100,20260325,92452100,000009.SZ,439473,2,0,8.65,200
2026-03-25 09:24:52.260,20260325,92452260,000009.SZ,439651,2,0,9.61,100000
2026-03-25 09:24:52.900,20260325,92452900,000009.SZ,440407,2,0,8.74,7000
2026-03-25 09:24:54.010,20260325,92454010,000009.SZ,442183,1,0,8.79,7800
2026-03-25 09:24:54.410,20260325,92454410,000009.SZ,442769,1,0,8.79,2300
2026-03-25 09:24:54.660,20260325,92454660,000009.SZ,443135,2,0,7.87,1200
2026-03-25 09:24:54.700,20260325,92454700,000009.SZ,443195,2,0,8.85,900
2026-03-25 09:24:55.080,20260325,92455080,000009.SZ,443865,2,0,9.28,1000
2026-03-25 09:24:55.940,20260325,92455940,000009.SZ,445906,2,0,8.69,100
2026-03-25 09:24:56.380,20260325,92456380,000009.SZ,447066,2,0,8.66,20800
2026-03-25 09:24:56.390,20260325,92456390,000009.SZ,447099,2,0,8.66,2800
2026-03-25 09:24:56.520,20260325,92456520,000009.SZ,447376,1,0,8.8,4000
2026-03-25 09:24:57.720,20260325,92457720,000009.SZ,451043,2,0,9.08,2200
2026-03-25 09:24:57.910,20260325,92457910,000009.SZ,451625,2,0,9.61,20000
2026-03-25 09:24:58.240,20260325,92458240,000009.SZ,452849,2,0,8.66,8300
2026-03-25 09:24:58.290,20260325,92458290,000009.SZ,453016,2,0,9.61,100000
2026-03-25 09:24:58.850,20260325,92458850,000009.SZ,456140,2,0,8.59,700
2026-03-25 09:24:58.940,20260325,92458940,000009.SZ,456451,1,0,8.8,100
2026-03-25 09:24:59.190,20260325,92459190,000009.SZ,457316,2,0,8.72,9700
2026-03-25 09:24:59.280,20260325,92459280,000009.SZ,457683,1,0,9.21,6600
2026-03-25 09:24:59.670,20260325,92459670,000009.SZ,460693,2,0,8.72,22900
2026-03-25 09:24:59.900,20260325,92459900,000009.SZ,462721,2,0,8.76,600
2026-03-25 09:30:00.040,20260325,93000040,000009.SZ,559407,1,0,8.5,3000
2026-03-25 09:30:00.040,20260325,93000040,000009.SZ,560507,2,0,8.76,3000
2026-03-25 09:30:00.040,20260325,93000040,000009.SZ,560510,2,0,8.79,1800
2026-03-25 09:30:00.040,20260325,93000040,000009.SZ,561015,2,0,9.0,200
2026-03-25 09:30:00.040,20260325,93000040,000009.SZ,562311,2,0,8.79,2000
2026-03-25 09:30:00.050,20260325,93000050,000009.SZ,563596,2,0,8.9,1000
2026-03-25 09:30:00.050,20260325,93000050,000009.SZ,567336,2,0,8.8,1000
2026-03-25 09:30:00.060,20260325,93000060,000009.SZ,568421,2,0,9.41,100
2026-03-25 09:30:00.060,20260325,93000060,000009.SZ,568757,2,0,8.8,1000
2026-03-25 09:30:00.060,20260325,93000060,000009.SZ,568771,1,0,8.6,2000
2026-03-25 09:30:00.060,20260325,93000060,000009.SZ,570828,2,0,8.78,800
2026-03-25 09:30:00.060,20260325,93000060,000009.SZ,571565,2,0,8.77,2000
2026-03-25 09:30:00.060,20260325,93000060,000009.SZ,571731,1,0,8.55,500
2026-03-25 09:30:00.070,20260325,93000070,000009.SZ,576371,2,0,8.95,5000
2026-03-25 09:30:00.070,20260325,93000070,000009.SZ,577887,1,0,8.71,1700
2026-03-25 09:30:00.080,20260325,93000080,000009.SZ,578949,2,0,8.77,1100
2026-03-25 09:30:00.080,20260325,93000080,000009.SZ,581883,1,0,8.41,12000
2026-03-25 09:30:00.080,20260325,93000080,000009.SZ,582861,2,0,8.88,2000
2026-03-25 09:30:00.090,20260325,93000090,000009.SZ,586721,2,0,9.0,800
2026-03-25 09:30:00.090,20260325,93000090,000009.SZ,587121,2,0,9.61,3000
2026-03-25 09:30:00.100,20260325,93000100,000009.SZ,590224,1,0,8.51,5000
2026-03-25 09:30:00.110,20260325,93000110,000009.SZ,594157,2,0,8.82,1000
2026-03-25 09:30:00.110,20260325,93000110,000009.SZ,595141,1,0,8.73,1200
2026-03-25 09:30:00.110,20260325,93000110,000009.SZ,598143,1,0,8.58,1500
2026-03-25 09:30:00.110,20260325,93000110,000009.SZ,598322,2,0,9.04,3600
2026-03-25 09:30:00.110,20260325,93000110,000009.SZ,598434,2,0,8.95,1000
2026-03-25 09:30:00.120,20260325,93000120,000009.SZ,599685,2,0,8.77,2200
2026-03-25 09:30:00.120,20260325,93000120,000009.SZ,599944,2,0,8.77,3000
2026-03-25 09:30:00.120,20260325,93000120,000009.SZ,600916,2,0,8.77,2000
2026-03-25 09:30:00.120,20260325,93000120,000009.SZ,602453,2,0,8.77,1000
2026-03-25 09:30:00.120,20260325,93000120,000009.SZ,602454,2,0,8.76,7400
2026-03-25 09:30:00.120,20260325,93000120,000009.SZ,602803,2,0,9.0,300
2026-03-25 09:30:00.120,20260325,93000120,000009.SZ,604460,1,0,8.77,100
2026-03-25 09:30:00.130,20260325,93000130,000009.SZ,606321,1,0,8.7,2500
2026-03-25 09:30:00.140,20260325,93000140,000009.SZ,610537,1,0,8.71,300
2026-03-25 09:30:00.140,20260325,93000140,000009.SZ,611046,2,0,9.1,4200
2026-03-25 09:30:00.140,20260325,93000140,000009.SZ,611970,2,0,8.75,20000
2026-03-25 09:30:00.140,20260325,93000140,000009.SZ,613846,2,0,8.92,5000
2026-03-25 09:30:00.140,20260325,93000140,000009.SZ,614743,2,0,8.85,500
2026-03-25 09:30:00.150,20260325,93000150,000009.SZ,616532,2,0,9.61,2000
2026-03-25 09:30:00.150,20260325,93000150,000009.SZ,616982,2,0,8.84,500
2026-03-25 09:30:00.150,20260325,93000150,000009.SZ,617062,1,0,8.81,1100
2026-03-25 09:30:00.150,20260325,93000150,000009.SZ,617828,2,0,8.8,2000
2026-03-25 09:30:00.150,20260325,93000150,000009.SZ,618796,2,0,9.4,100
2026-03-25 09:30:00.150,20260325,93000150,000009.SZ,620063,1,0,8.63,300
2026-03-25 09:30:00.150,20260325,93000150,000009.SZ,620844,2,0,8.82,300
2026-03-25 09:30:00.160,20260325,93000160,000009.SZ,624548,2,0,8.99,10000
2026-03-25 09:30:00.160,20260325,93000160,000009.SZ,624777,2,0,8.88,500
2026-03-25 09:30:00.160,20260325,93000160,000009.SZ,625242,2,0,8.99,400
2026-03-25 09:30:00.170,20260325,93000170,000009.SZ,625425,1,0,8.69,500
2026-03-25 09:30:00.170,20260325,93000170,000009.SZ,625825,2,0,8.76,1700
2026-03-25 09:30:00.170,20260325,93000170,000009.SZ,625855,2,0,8.86,1000
2026-03-25 09:30:00.170,20260325,93000170,000009.SZ,627708,1,0,8.65,3000
2026-03-25 09:30:00.170,20260325,93000170,000009.SZ,627727,2,0,8.77,1300
2026-03-25 09:30:00.170,20260325,93000170,000009.SZ,628132,2,0,9.09,400
2026-03-25 09:30:00.170,20260325,93000170,000009.SZ,628231,2,0,8.76,3500
2026-03-25 09:30:00.180,20260325,93000180,000009.SZ,630027,1,0,8.75,1100
2026-03-25 09:30:00.180,20260325,93000180,000009.SZ,631547,2,0,8.81,1700
2026-03-25 09:30:00.180,20260325,93000180,000009.SZ,632307,1,0,8.77,7100
2026-03-25 09:30:00.180,20260325,93000180,000009.SZ,632675,2,0,8.82,1700
2026-03-25 09:30:00.180,20260325,93000180,000009.SZ,632821,2,0,8.8,1700
2026-03-25 09:30:00.190,20260325,93000190,000009.SZ,634633,2,0,9.04,1000
2026-03-25 09:30:00.190,20260325,93000190,000009.SZ,636624,2,0,9.18,20000
2026-03-25 09:30:00.190,20260325,93000190,000009.SZ,637538,2,0,9.61,100000
2026-03-25 09:30:00.200,20260325,93000200,000009.SZ,639645,2,0,9.17,1000
2026-03-25 09:30:00.200,20260325,93000200,000009.SZ,640868,2,0,8.76,11000
2026-03-25 09:30:00.200,20260325,93000200,000009.SZ,640869,2,0,8.76,2900
2026-03-25 09:30:00.200,20260325,93000200,000009.SZ,641476,2,0,8.88,200
2026-03-25 09:30:00.200,20260325,93000200,000009.SZ,641510,1,0,8.7,1500
2026-03-25 09:30:00.200,20260325,93000200,000009.SZ,641650,2,0,9.34,800
2026-03-25 09:30:00.210,20260325,93000210,000009.SZ,645133,1,0,8.76,100
2026-03-25 09:30:00.210,20260325,93000210,000009.SZ,645994,1,0,8.77,600
2026-03-25 09:30:00.220,20260325,93000220,000009.SZ,648895,2,0,8.81,1000
2026-03-25 09:30:00.220,20260325,93000220,000009.SZ,650842,2,0,8.72,800
2026-03-25 09:30:00.220,20260325,93000220,000009.SZ,651381,1,0,8.76,300
2026-03-25 09:30:00.230,20260325,93000230,000009.SZ,653147,2,0,8.86,600
2026-03-25 09:30:00.240,20260325,93000240,000009.SZ,656086,2,0,8.91,200
2026-03-25 09:30:00.240,20260325,93000240,000009.SZ,656956,2,0,8.8,500
2026-03-25 09:30:00.240,20260325,93000240,000009.SZ,659163,2,0,9.48,6000
2026-03-25 09:30:00.240,20260325,93000240,000009.SZ,659302,2,0,8.8,8600
2026-03-25 09:30:00.250,20260325,93000250,000009.SZ,660904,2,0,9.58,500
2026-03-25 09:30:00.250,20260325,93000250,000009.SZ,661077,2,0,8.83,1700
2026-03-25 09:30:00.250,20260325,93000250,000009.SZ,661103,2,0,9.02,100
2026-03-25 09:30:00.250,20260325,93000250,000009.SZ,661298,2,0,8.84,1700
2026-03-25 09:30:00.250,20260325,93000250,000009.SZ,661533,2,0,8.85,1700
2026-03-25 09:30:00.250,20260325,93000250,000009.SZ,661800,2,0,9.26,2300
2026-03-25 09:30:00.250,20260325,93000250,000009.SZ,661837,2,0,8.86,1700
2026-03-25 09:30:00.250,20260325,93000250,000009.SZ,662662,1,0,8.6,100
2026-03-25 09:30:00.260,20260325,93000260,000009.SZ,663697,1,0,8.76,200
2026-03-25 09:30:00.260,20260325,93000260,000009.SZ,664119,2,0,8.84,10000
2026-03-25 09:30:00.260,20260325,93000260,000009.SZ,665922,1,0,8.7,7500
2026-03-25 09:30:00.270,20260325,93000270,000009.SZ,669611,1,0,8.62,200
2026-03-25 09:30:00.280,20260325,93000280,000009.SZ,670788,2,0,9.21,5000
2026-03-25 09:30:00.280,20260325,93000280,000009.SZ,670978,1,0,8.77,600
2026-03-25 09:30:00.280,20260325,93000280,000009.SZ,671036,1,0,8.77,5400
2026-03-25 09:30:00.280,20260325,93000280,000009.SZ,672429,2,0,9.55,1000
2026-03-25 09:30:00.280,20260325,93000280,000009.SZ,673238,1,0,8.72,1000
2026-03-25 09:30:00.280,20260325,93000280,000009.SZ,673248,2,0,9.01,1800
2026-03-25 09:30:00.280,20260325,93000280,000009.SZ,673362,2,0,8.79,2000
2026-03-25 09:30:00.290,20260325,93000290,000009.SZ,673961,2,0,9.58,900
2026-03-25 09:30:00.290,20260325,93000290,000009.SZ,674529,2,0,9.02,50000
2026-03-25 09:30:00.290,20260325,93000290,000009.SZ,674605,2,0,9.28,500
2026-03-25 09:30:00.290,20260325,93000290,000009.SZ,674884,2,0,9.61,800
2026-03-25 09:30:00.290,20260325,93000290,000009.SZ,675624,2,0,8.89,1000
2026-03-25 09:30:00.300,20260325,93000300,000009.SZ,677487,2,0,9.01,50000
2026-03-25 09:30:00.300,20260325,93000300,000009.SZ,678165,2,0,8.87,1700
2026-03-25 09:30:00.300,20260325,93000300,000009.SZ,678303,2,0,9.08,2200
2026-03-25 09:30:00.300,20260325,93000300,000009.SZ,678439,2,0,8.88,1700
2026-03-25 09:30:00.300,20260325,93000300,000009.SZ,678558,2,0,9.28,3800
2026-03-25 09:30:00.310,20260325,93000310,000009.SZ,679802,2,0,8.88,1700
2026-03-25 09:30:00.310,20260325,93000310,000009.SZ,680733,2,0,8.88,3400
2026-03-25 09:30:00.320,20260325,93000320,000009.SZ,683148,1,0,8.73,2100
2026-03-25 09:30:00.320,20260325,93000320,000009.SZ,684344,2,0,8.81,1000
2026-03-25 09:30:00.330,20260325,93000330,000009.SZ,686223,2,0,9.51,1000
2026-03-25 09:30:00.340,20260325,93000340,000009.SZ,687713,2,0,8.81,4700
2026-03-25 09:30:00.340,20260325,93000340,000009.SZ,688205,1,0,8.77,600
2026-03-25 09:30:00.350,20260325,93000350,000009.SZ,689297,2,0,9.29,1100
2026-03-25 09:30:00.350,20260325,93000350,000009.SZ,690523,2,0,9.2,1000
2026-03-25 09:30:00.350,20260325,93000350,000009.SZ,690723,1,0,8.51,500
2026-03-25 09:30:00.350,20260325,93000350,000009.SZ,691165,1,0,8.76,100
2026-03-25 09:30:00.360,20260325,93000360,000009.SZ,692406,2,0,8.74,400
2026-03-25 09:30:00.360,20260325,93000360,000009.SZ,692528,2,0,8.74,100
2026-03-25 09:30:00.360,20260325,93000360,000009.SZ,692555,2,0,8.74,100
2026-03-25 09:30:00.360,20260325,93000360,000009.SZ,692557,2,0,8.74,100
2026-03-25 09:30:00.360,20260325,93000360,000009.SZ,692578,2,0,8.74,100
2026-03-25 09:30:00.360,20260325,93000360,000009.SZ,693001,2,0,8.74,300
2026-03-25 09:30:00.360,20260325,93000360,000009.SZ,693036,2,0,8.74,100
2026-03-25 09:30:00.370,20260325,93000370,000009.SZ,694827,2,0,8.74,2400
2026-03-25 09:30:00.370,20260325,93000370,000009.SZ,695136,2,0,8.74,100
2026-03-25 09:30:00.370,20260325,93000370,000009.SZ,696200,2,0,8.8,100
2026-03-25 09:30:00.380,20260325,93000380,000009.SZ,698672,2,0,9.6,6000
2026-03-25 09:30:00.390,20260325,93000390,000009.SZ,700914,2,0,8.88,1200
2026-03-25 09:30:00.400,20260325,93000400,000009.SZ,701411,2,0,8.83,1500
2026-03-25 09:30:00.420,20260325,93000420,000009.SZ,704243,2,0,8.74,100
2026-03-25 09:30:00.420,20260325,93000420,000009.SZ,704865,2,0,8.79,1000
2026-03-25 09:30:00.420,20260325,93000420,000009.SZ,705439,2,0,9.05,50000
2026-03-25 09:30:00.430,20260325,93000430,000009.SZ,707086,2,0,8.89,1000
2026-03-25 09:30:00.430,20260325,93000430,000009.SZ,707261,2,0,8.76,500
2026-03-25 09:30:00.440,20260325,93000440,000009.SZ,708421,2,0,8.91,1000
2026-03-25 09:30:00.440,20260325,93000440,000009.SZ,708436,2,0,8.93,1000
2026-03-25 09:30:00.450,20260325,93000450,000009.SZ,709535,2,0,8.9,900
2026-03-25 09:30:00.450,20260325,93000450,000009.SZ,710987,1,0,8.76,15000
2026-03-25 09:30:00.450,20260325,93000450,000009.SZ,711441,2,0,9.06,500
2026-03-25 09:30:00.460,20260325,93000460,000009.SZ,712699,2,0,8.74,100
2026-03-25 09:30:00.460,20260325,93000460,000009.SZ,712842,2,0,8.74,2500
2026-03-25 09:30:00.460,20260325,93000460,000009.SZ,712929,2,0,8.74,200
2026-03-25 09:30:00.470,20260325,93000470,000009.SZ,713233,2,0,8.82,4000
2026-03-25 09:30:00.470,20260325,93000470,000009.SZ,713576,1,0,8.74,300
2026-03-25 09:30:00.470,20260325,93000470,000009.SZ,713918,2,0,8.92,2500
2026-03-25 09:30:00.480,20260325,93000480,000009.SZ,714776,2,0,8.8,4300
2026-03-25 09:30:00.480,20260325,93000480,000009.SZ,715978,2,0,8.79,1000
2026-03-25 09:30:00.490,20260325,93000490,000009.SZ,717726,2,0,8.74,1100
2026-03-25 09:30:00.500,20260325,93000500,000009.SZ,718560,1,0,8.77,6100
2026-03-25 09:30:00.500,20260325,93000500,000009.SZ,719833,2,0,8.8,200
2026-03-25 09:30:00.510,20260325,93000510,000009.SZ,720398,2,0,8.76,1200
2026-03-25 09:30:00.510,20260325,93000510,000009.SZ,720602,2,0,8.83,500
2026-03-25 09:30:00.510,20260325,93000510,000009.SZ,720686,2,0,8.93,1000
2026-03-25 09:30:00.510,20260325,93000510,000009.SZ,720706,2,0,9.0,500
2026-03-25 09:30:00.510,20260325,93000510,000009.SZ,720870,2,0,9.6,400
2026-03-25 09:30:00.510,20260325,93000510,000009.SZ,721280,1,0,8.73,5000
2026-03-25 09:30:00.540,20260325,93000540,000009.SZ,725592,2,0,9.1,3200
2026-03-25 09:30:00.550,20260325,93000550,000009.SZ,726901,1,0,8.58,3000
2026-03-25 09:30:00.560,20260325,93000560,000009.SZ,728681,2,0,8.95,400
2026-03-25 09:30:00.560,20260325,93000560,000009.SZ,729354,2,0,8.99,1500
2026-03-25 09:30:00.570,20260325,93000570,000009.SZ,730203,1,0,8.46,600
2026-03-25 09:30:00.570,20260325,93000570,000009.SZ,731213,2,0,9.55,1100
2026-03-25 09:30:00.570,20260325,93000570,000009.SZ,731989,1,0,8.77,1400
2026-03-25 09:30:00.580,20260325,93000580,000009.SZ,732123,1,0,8.74,100
2026-03-25 09:30:00.590,20260325,93000590,000009.SZ,733522,2,0,8.96,4000
2026-03-25 09:30:00.600,20260325,93000600,000009.SZ,736015,2,0,8.77,3000
2026-03-25 09:30:00.600,20260325,93000600,000009.SZ,736565,1,0,8.74,100
2026-03-25 09:30:00.600,20260325,93000600,000009.SZ,736764,1,0,8.3,500
2026-03-25 09:30:00.620,20260325,93000620,000009.SZ,739405,2,0,9.14,300
2026-03-25 09:30:00.620,20260325,93000620,000009.SZ,739620,2,0,8.8,3500
2026-03-25 09:30:00.620,20260325,93000620,000009.SZ,739833,1,0,8.74,100
2026-03-25 09:30:00.620,20260325,93000620,000009.SZ,739905,1,0,8.3,700
2026-03-25 09:30:00.620,20260325,93000620,000009.SZ,739928,1,0,8.77,6800
2026-03-25 09:30:00.630,20260325,93000630,000009.SZ,741731,2,0,9.16,700
2026-03-25 09:30:00.640,20260325,93000640,000009.SZ,742370,2,0,8.78,2000
2026-03-25 09:30:00.640,20260325,93000640,000009.SZ,742518,2,0,9.0,500
2026-03-25 09:30:00.640,20260325,93000640,000009.SZ,742632,1,0,8.6,2000
2026-03-25 09:30:00.640,20260325,93000640,000009.SZ,742803,2,0,8.88,700
2026-03-25 09:30:00.640,20260325,93000640,000009.SZ,743104,1,0,8.74,200
2026-03-25 09:30:00.650,20260325,93000650,000009.SZ,744122,1,0,8.55,200
2026-03-25 09:30:00.650,20260325,93000650,000009.SZ,744280,2,0,9.56,1000
2026-03-25 09:30:00.660,20260325,93000660,000009.SZ,745301,2,0,9.26,1000
2026-03-25 09:30:00.660,20260325,93000660,000009.SZ,745315,1,0,8.74,500
2026-03-25 09:30:00.670,20260325,93000670,000009.SZ,745628,2,0,8.8,3000
2026-03-25 09:30:00.680,20260325,93000680,000009.SZ,746527,1,0,8.08,700
2026-03-25 09:30:00.680,20260325,93000680,000009.SZ,746694,1,0,8.74,600
2026-03-25 09:30:00.680,20260325,93000680,000009.SZ,747481,2,0,9.27,2000
2026-03-25 09:30:00.690,20260325,93000690,000009.SZ,748592,1,0,7.87,200
2026-03-25 09:30:00.700,20260325,93000700,000009.SZ,750028,2,0,8.89,4000
2026-03-25 09:30:00.700,20260325,93000700,000009.SZ,750198,1,0,8.74,100
2026-03-25 09:30:00.700,20260325,93000700,000009.SZ,750389,2,0,8.77,159100
2026-03-25 09:30:00.700,20260325,93000700,000009.SZ,750490,1,0,8.37,11000
2026-03-25 09:30:00.710,20260325,93000710,000009.SZ,750945,1,0,8.72,5000
2026-03-25 09:30:00.720,20260325,93000720,000009.SZ,754700,2,0,9.58,1000
2026-03-25 09:30:00.730,20260325,93000730,000009.SZ,755642,2,0,8.76,500
2026-03-25 09:30:00.740,20260325,93000740,000009.SZ,757319,2,0,9.61,1100
2026-03-25 09:30:00.740,20260325,93000740,000009.SZ,757723,1,0,8.78,2000
2026-03-25 09:30:00.740,20260325,93000740,000009.SZ,758094,2,0,9.56,5000
2026-03-25 09:30:00.750,20260325,93000750,000009.SZ,759272,2,0,8.74,200
2026-03-25 09:30:00.750,20260325,93000750,000009.SZ,760209,2,0,8.96,300
2026-03-25 09:30:00.760,20260325,93000760,000009.SZ,760635,2,0,8.8,2400
2026-03-25 09:30:00.760,20260325,93000760,000009.SZ,760653,2,0,8.89,300
2026-03-25 09:30:00.760,20260325,93000760,000009.SZ,760942,2,0,9.21,900
2026-03-25 09:30:00.760,20260325,93000760,000009.SZ,761058,2,0,8.89,1700
2026-03-25 09:30:00.760,20260325,93000760,000009.SZ,761253,2,0,9.52,3000
2026-03-25 09:30:00.760,20260325,93000760,000009.SZ,761818,1,0,8.77,400
2026-03-25 09:30:00.770,20260325,93000770,000009.SZ,763519,2,0,8.76,300
2026-03-25 09:30:00.770,20260325,93000770,000009.SZ,763635,2,0,8.98,2000
2026-03-25 09:30:00.770,20260325,93000770,000009.SZ,763767,2,0,9.16,800
2026-03-25 09:30:00.780,20260325,93000780,000009.SZ,763958,2,0,9.0,800
2026-03-25 09:30:00.790,20260325,93000790,000009.SZ,765533,2,0,8.76,300
2026-03-25 09:30:00.790,20260325,93000790,000009.SZ,766399,2,0,8.9,1700
2026-03-25 09:30:00.800,20260325,93000800,000009.SZ,766814,2,0,8.91,1700
2026-03-25 09:30:00.800,20260325,93000800,000009.SZ,767227,2,0,8.92,1700
2026-03-25 09:30:00.810,20260325,93000810,000009.SZ,768166,2,0,8.88,300
2026-03-25 09:30:00.810,20260325,93000810,000009.SZ,768450,2,0,9.1,1200
2026-03-25 09:30:00.810,20260325,93000810,000009.SZ,768929,2,0,9.6,400
2026-03-25 09:30:00.820,20260325,93000820,000009.SZ,769880,1,0,8.29,2500
2026-03-25 09:30:00.830,20260325,93000830,000009.SZ,771241,2,0,8.93,1700
2026-03-25 09:30:00.830,20260325,93000830,000009.SZ,771319,2,0,8.94,1700
2026-03-25 09:30:00.840,20260325,93000840,000009.SZ,773504,2,0,8.8,1100
2026-03-25 09:30:00.840,20260325,93000840,000009.SZ,773638,2,0,9.6,2000
2026-03-25 09:30:00.850,20260325,93000850,000009.SZ,774347,2,0,9.3,700
2026-03-25 09:30:00.870,20260325,93000870,000009.SZ,776717,2,0,8.77,1000
2026-03-25 09:30:00.910,20260325,93000910,000009.SZ,781000,1,0,8.5,1000
2026-03-25 09:30:00.910,20260325,93000910,000009.SZ,781114,2,0,9.22,900
2026-03-25 09:30:00.910,20260325,93000910,000009.SZ,781886,2,0,8.76,1000
2026-03-25 09:30:00.910,20260325,93000910,000009.SZ,782099,2,0,9.58,5200
2026-03-25 09:30:00.910,20260325,93000910,000009.SZ,782364,1,0,8.6,1000
2026-03-25 09:30:00.930,20260325,93000930,000009.SZ,784902,1,0,8.6,9500
2026-03-25 09:30:00.930,20260325,93000930,000009.SZ,784999,1,0,8.73,9600
2026-03-25 09:30:00.940,20260325,93000940,000009.SZ,786081,2,0,9.61,3900
2026-03-25 09:30:00.970,20260325,93000970,000009.SZ,788234,2,0,8.76,6500
2026-03-25 09:30:00.970,20260325,93000970,000009.SZ,789068,2,0,8.76,2600
2026-03-25 09:30:00.970,20260325,93000970,000009.SZ,789142,1,0,8.53,5000
2026-03-25 09:30:00.970,20260325,93000970,000009.SZ,789670,1,0,8.5,5300
2026-03-25 09:30:00.980,20260325,93000980,000009.SZ,789931,2,0,8.76,700
2026-03-25 09:30:00.980,20260325,93000980,000009.SZ,790357,2,0,9.6,3000
2026-03-25 09:30:00.980,20260325,93000980,000009.SZ,790960,2,0,9.26,5000
2026-03-25 09:30:00.990,20260325,93000990,000009.SZ,791298,1,0,8.76,300
2026-03-25 09:30:01.000,20260325,93001000,000009.SZ,793634,2,0,8.76,500
2026-03-25 09:30:01.020,20260325,93001020,000009.SZ,795782,2,0,8.74,6900
2026-03-25 09:30:01.020,20260325,93001020,000009.SZ,795821,2,0,8.74,1400
2026-03-25 09:30:01.040,20260325,93001040,000009.SZ,798052,2,0,9.0,1900
2026-03-25 09:30:01.040,20260325,93001040,000009.SZ,798371,2,0,9.08,7000
2026-03-25 09:30:01.070,20260325,93001070,000009.SZ,801585,1,0,8.76,100
2026-03-25 09:30:01.090,20260325,93001090,000009.SZ,804328,2,0,8.77,500
2026-03-25 09:30:01.090,20260325,93001090,000009.SZ,805533,2,0,8.99,300
2026-03-25 09:30:01.110,20260325,93001110,000009.SZ,806985,2,0,8.85,10000
2026-03-25 09:30:01.120,20260325,93001120,000009.SZ,808272,2,0,8.8,35000
2026-03-25 09:30:01.150,20260325,93001150,000009.SZ,811639,2,0,8.76,100
2026-03-25 09:30:01.220,20260325,93001220,000009.SZ,821145,2,0,9.17,4000
2026-03-25 09:30:01.230,20260325,93001230,000009.SZ,821936,2,0,9.32,1100
2026-03-25 09:30:01.230,20260325,93001230,000009.SZ,822007,2,0,8.74,700
2026-03-25 09:30:01.230,20260325,93001230,000009.SZ,822105,2,0,8.74,100
2026-03-25 09:30:01.230,20260325,93001230,000009.SZ,822113,2,0,8.74,300
2026-03-25 09:30:01.280,20260325,93001280,000009.SZ,826829,2,0,9.61,2000
2026-03-25 09:30:01.280,20260325,93001280,000009.SZ,827096,2,0,9.02,100
2026-03-25 09:30:01.280,20260325,93001280,000009.SZ,827273,2,0,8.96,3000
2026-03-25 09:30:01.280,20260325,93001280,000009.SZ,827310,2,0,8.8,6200
2026-03-25 09:30:01.280,20260325,93001280,000009.SZ,827621,2,0,8.9,1000
2026-03-25 09:30:01.290,20260325,93001290,000009.SZ,828101,2,0,8.77,300
2026-03-25 09:30:01.320,20260325,93001320,000009.SZ,831152,1,0,8.7,1000
2026-03-25 09:30:01.320,20260325,93001320,000009.SZ,831391,1,0,8.6,1000
2026-03-25 09:30:01.320,20260325,93001320,000009.SZ,831727,2,0,9.3,1000
2026-03-25 09:30:01.360,20260325,93001360,000009.SZ,834748,1,0,8.73,72700
2026-03-25 09:30:01.370,20260325,93001370,000009.SZ,835913,2,0,8.76,1200
2026-03-25 09:30:01.400,20260325,93001400,000009.SZ,837978,2,0,9.6,2000
2026-03-25 09:30:01.400,20260325,93001400,000009.SZ,838314,2,0,9.28,200
2026-03-25 09:30:01.410,20260325,93001410,000009.SZ,838810,2,0,9.61,3500
2026-03-25 09:30:01.420,20260325,93001420,000009.SZ,839640,2,0,9.61,24400
2026-03-25 09:30:01.430,20260325,93001430,000009.SZ,840008,2,0,8.88,6000
2026-03-25 09:30:01.450,20260325,93001450,000009.SZ,842328,1,0,8.31,1000
2026-03-25 09:30:01.500,20260325,93001500,000009.SZ,845813,2,0,8.83,2000
2026-03-25 09:30:01.510,20260325,93001510,000009.SZ,846472,2,0,9.15,1000
2026-03-25 09:30:01.520,20260325,93001520,000009.SZ,846894,2,0,8.8,3000
2026-03-25 09:30:01.530,20260325,93001530,000009.SZ,848167,2,0,9.37,300
2026-03-25 09:30:01.530,20260325,93001530,000009.SZ,848196,2,0,9.55,300
2026-03-25 09:30:01.530,20260325,93001530,000009.SZ,848294,2,0,9.6,1000
2026-03-25 09:30:01.530,20260325,93001530,000009.SZ,848456,2,0,9.6,500
2026-03-25 09:30:01.570,20260325,93001570,000009.SZ,853085,2,0,9.15,500
2026-03-25 09:30:01.590,20260325,93001590,000009.SZ,855248,1,0,8.7,600
2026-03-25 09:30:01.600,20260325,93001600,000009.SZ,855976,2,0,9.61,300
2026-03-25 09:30:01.600,20260325,93001600,000009.SZ,856085,2,0,8.86,1800
2026-03-25 09:30:01.710,20260325,93001710,000009.SZ,864659,1,0,8.46,200
2026-03-25 09:30:01.710,20260325,93001710,000009.SZ,864661,2,0,8.89,500
2026-03-25 09:30:01.710,20260325,93001710,000009.SZ,864675,1,0,8.38,300
2026-03-25 09:30:01.720,20260325,93001720,000009.SZ,865488,1,0,8.76,3500
2026-03-25 09:30:01.760,20260325,93001760,000009.SZ,868159,1,0,8.53,5000
2026-03-25 09:30:01.760,20260325,93001760,000009.SZ,868652,2,0,9.6,1000
2026-03-25 09:30:01.800,20260325,93001800,000009.SZ,872484,1,0,8.7,1000
2026-03-25 09:30:01.820,20260325,93001820,000009.SZ,874372,1,0,8.65,500
2026-03-25 09:30:01.840,20260325,93001840,000009.SZ,875285,2,0,8.86,100
2026-03-25 09:30:01.840,20260325,93001840,000009.SZ,875403,2,0,8.95,200
2026-03-25 09:30:01.870,20260325,93001870,000009.SZ,877239,2,0,8.82,10000
2026-03-25 09:30:01.870,20260325,93001870,000009.SZ,877545,2,0,8.91,50000
2026-03-25 09:30:01.880,20260325,93001880,000009.SZ,877698,2,0,8.8,500
2026-03-25 09:30:01.880,20260325,93001880,000009.SZ,877793,1,0,8.78,2900
2026-03-25 09:30:01.890,20260325,93001890,000009.SZ,879093,1,0,8.7,10000
2026-03-25 09:30:01.890,20260325,93001890,000009.SZ,879099,1,0,8.6,10000
2026-03-25 09:30:01.890,20260325,93001890,000009.SZ,879329,2,0,8.86,2700
2026-03-25 09:30:01.910,20260325,93001910,000009.SZ,880641,1,0,8.62,1000
2026-03-25 09:30:01.910,20260325,93001910,000009.SZ,881006,1,0,8.69,200
2026-03-25 09:30:01.920,20260325,93001920,000009.SZ,881853,2,0,9.2,1300
2026-03-25 09:30:01.960,20260325,93001960,000009.SZ,885150,2,0,9.0,1000
2026-03-25 09:30:01.990,20260325,93001990,000009.SZ,887681,1,0,8.5,1000
2026-03-25 09:30:01.990,20260325,93001990,000009.SZ,887839,2,0,8.86,23600
2026-03-25 09:30:01.990,20260325,93001990,000009.SZ,887928,2,0,8.89,2600
2026-03-25 09:30:02.000,20260325,93002000,000009.SZ,888659,2,0,8.77,5300
2026-03-25 09:30:02.000,20260325,93002000,000009.SZ,888764,1,0,8.76,7000
2026-03-25 09:30:02.000,20260325,93002000,000009.SZ,889212,2,0,8.76,2000
2026-03-25 09:30:02.020,20260325,93002020,000009.SZ,891438,1,0,8.76,5200
2026-03-25 09:30:02.020,20260325,93002020,000009.SZ,892200,2,0,9.58,4200
2026-03-25 09:30:02.040,20260325,93002040,000009.SZ,894988,1,0,8.77,300
2026-03-25 09:30:02.050,20260325,93002050,000009.SZ,895501,2,0,8.83,500
2026-03-25 09:30:02.080,20260325,93002080,000009.SZ,898843,2,0,8.79,1000
2026-03-25 09:30:02.080,20260325,93002080,000009.SZ,899224,2,0,8.77,1300
2026-03-25 09:30:02.080,20260325,93002080,000009.SZ,899636,2,0,8.98,50000
2026-03-25 09:30:02.080,20260325,93002080,000009.SZ,899766,2,0,9.11,1500
2026-03-25 09:30:02.090,20260325,93002090,000009.SZ,900476,1,0,8.78,4400
2026-03-25 09:30:02.090,20260325,93002090,000009.SZ,900697,2,0,9.25,3200
2026-03-25 09:30:02.090,20260325,93002090,000009.SZ,900732,2,0,8.76,10900
2026-03-25 09:30:02.130,20260325,93002130,000009.SZ,904448,2,0,9.01,900
2026-03-25 09:30:02.140,20260325,93002140,000009.SZ,905080,1,0,8.77,1200
2026-03-25 09:30:02.150,20260325,93002150,000009.SZ,906210,2,0,9.0,100
2026-03-25 09:30:02.160,20260325,93002160,000009.SZ,906910,2,0,8.74,700
2026-03-25 09:30:02.160,20260325,93002160,000009.SZ,906973,2,0,8.74,400
2026-03-25 09:30:02.200,20260325,93002200,000009.SZ,910745,2,0,9.02,50000
2026-03-25 09:30:02.200,20260325,93002200,000009.SZ,911111,2,0,8.76,1900
2026-03-25 09:30:02.200,20260325,93002200,000009.SZ,911112,2,0,8.76,100
2026-03-25 09:30:02.200,20260325,93002200,000009.SZ,911167,2,0,8.76,1200
2026-03-25 09:30:02.200,20260325,93002200,000009.SZ,911413,2,0,8.75,1000
2026-03-25 09:30:02.210,20260325,93002210,000009.SZ,911656,2,0,9.12,4000
2026-03-25 09:30:02.210,20260325,93002210,000009.SZ,912411,2,0,8.88,1000
2026-03-25 09:30:02.210,20260325,93002210,000009.SZ,912599,1,0,8.63,500
2026-03-25 09:30:02.220,20260325,93002220,000009.SZ,913350,2,0,9.61,3000
2026-03-25 09:30:02.230,20260325,93002230,000009.SZ,914951,2,0,9.26,2000
2026-03-25 09:30:02.240,20260325,93002240,000009.SZ,915722,1,0,8.5,1100
2026-03-25 09:30:02.250,20260325,93002250,000009.SZ,916189,2,0,8.8,500
2026-03-25 09:30:02.250,20260325,93002250,000009.SZ,916814,2,0,8.94,10500
2026-03-25 09:30:02.250,20260325,93002250,000009.SZ,916953,2,0,8.89,10000
2026-03-25 09:30:02.260,20260325,93002260,000009.SZ,917220,2,0,8.88,1000
2026-03-25 09:30:02.270,20260325,93002270,000009.SZ,918181,1,0,8.74,1400
2026-03-25 09:30:02.270,20260325,93002270,000009.SZ,918292,1,0,8.5,15000
2026-03-25 09:30:02.280,20260325,93002280,000009.SZ,918563,2,0,8.8,800
2026-03-25 09:30:02.280,20260325,93002280,000009.SZ,919032,2,0,8.99,1200
2026-03-25 09:30:02.320,20260325,93002320,000009.SZ,922329,1,0,8.6,1000
2026-03-25 09:30:02.340,20260325,93002340,000009.SZ,923475,2,0,8.93,5000
2026-03-25 09:30:02.470,20260325,93002470,000009.SZ,931493,2,0,9.0,6400
2026-03-25 09:30:02.470,20260325,93002470,000009.SZ,931523,1,0,8.64,1100
2026-03-25 09:30:02.480,20260325,93002480,000009.SZ,931632,2,0,8.86,400
2026-03-25 09:30:02.500,20260325,93002500,000009.SZ,933272,2,0,8.98,1400
2026-03-25 09:30:02.520,20260325,93002520,000009.SZ,934015,2,0,8.75,5000
2026-03-25 09:30:02.520,20260325,93002520,000009.SZ,934170,2,0,8.82,1000
2026-03-25 09:30:02.560,20260325,93002560,000009.SZ,936308,1,0,8.77,1000
2026-03-25 09:30:02.570,20260325,93002570,000009.SZ,936919,2,0,9.1,2000
2026-03-25 09:30:02.580,20260325,93002580,000009.SZ,937167,1,0,8.4,200
2026-03-25 09:30:02.580,20260325,93002580,000009.SZ,937559,2,0,9.5,200
2026-03-25 09:30:02.580,20260325,93002580,000009.SZ,937691,2,0,8.74,100
2026-03-25 09:30:02.590,20260325,93002590,000009.SZ,937971,2,0,9.13,700
2026-03-25 09:30:02.610,20260325,93002610,000009.SZ,938831,2,0,8.79,400
2026-03-25 09:30:02.630,20260325,93002630,000009.SZ,940737,2,0,8.99,300
2026-03-25 09:30:02.670,20260325,93002670,000009.SZ,941860,2,0,9.0,200
2026-03-25 09:30:02.680,20260325,93002680,000009.SZ,942209,2,0,8.8,7600
2026-03-25 09:30:02.680,20260325,93002680,000009.SZ,942356,1,0,8.6,4000
2026-03-25 09:30:02.680,20260325,93002680,000009.SZ,942457,1,0,8.75,700
2026-03-25 09:30:02.680,20260325,93002680,000009.SZ,942480,2,0,9.61,5400
2026-03-25 09:30:02.700,20260325,93002700,000009.SZ,942919,2,0,9.1,2000
2026-03-25 09:30:02.710,20260325,93002710,000009.SZ,943400,1,0,8.75,3000
2026-03-25 09:30:02.750,20260325,93002750,000009.SZ,945235,2,0,8.76,100
2026-03-25 09:30:02.760,20260325,93002760,000009.SZ,946338,1,0,8.4,900
2026-03-25 09:30:02.770,20260325,93002770,000009.SZ,947567,2,0,8.78,500
2026-03-25 09:30:02.800,20260325,93002800,000009.SZ,949468,2,0,9.02,7900
2026-03-25 09:30:02.830,20260325,93002830,000009.SZ,951107,2,0,8.8,1000
2026-03-25 09:30:02.860,20260325,93002860,000009.SZ,952627,2,0,8.81,6000
2026-03-25 09:30:02.860,20260325,93002860,000009.SZ,953056,1,0,8.79,1200
2026-03-25 09:30:02.870,20260325,93002870,000009.SZ,953804,2,0,8.76,100
2026-03-25 09:30:02.910,20260325,93002910,000009.SZ,956274,1,0,8.72,1000
2026-03-25 09:30:02.910,20260325,93002910,000009.SZ,956489,2,0,9.06,2000
2026-03-25 09:30:02.910,20260325,93002910,000009.SZ,956548,2,0,8.83,200
2026-03-25 09:30:02.920,20260325,93002920,000009.SZ,956578,1,0,8.69,200
2026-03-25 09:30:02.920,20260325,93002920,000009.SZ,956826,2,0,8.75,200
2026-03-25 09:30:02.930,20260325,93002930,000009.SZ,957097,2,0,8.76,600
2026-03-25 09:30:02.930,20260325,93002930,000009.SZ,957101,2,0,8.76,600
2026-03-25 09:30:02.930,20260325,93002930,000009.SZ,957132,2,0,8.76,500
2026-03-25 09:30:02.930,20260325,93002930,000009.SZ,957161,2,0,8.76,400
2026-03-25 09:30:02.930,20260325,93002930,000009.SZ,957162,2,0,8.76,700
2026-03-25 09:30:02.930,20260325,93002930,000009.SZ,957163,2,0,8.76,700
2026-03-25 09:30:02.930,20260325,93002930,000009.SZ,957350,2,0,8.76,2300
2026-03-25 09:30:02.940,20260325,93002940,000009.SZ,957782,2,0,8.94,200
2026-03-25 09:30:02.940,20260325,93002940,000009.SZ,957974,2,0,8.76,500
2026-03-25 09:30:02.950,20260325,93002950,000009.SZ,958836,2,0,9.12,3000
2026-03-25 09:30:02.980,20260325,93002980,000009.SZ,960124,2,0,9.05,1200
2026-03-25 09:30:02.980,20260325,93002980,000009.SZ,960822,2,0,9.28,800
2026-03-25 09:30:02.990,20260325,93002990,000009.SZ,961712,2,0,9.1,10000
2026-03-25 09:30:03.000,20260325,93003000,000009.SZ,961989,2,0,9.2,20000
2026-03-25 09:30:03.000,20260325,93003000,000009.SZ,962334,2,0,9.5,1200
2026-03-25 09:30:03.000,20260325,93003000,000009.SZ,962762,2,0,8.85,1000
2026-03-25 09:30:03.050,20260325,93003050,000009.SZ,965839,2,0,9.15,1900
2026-03-25 09:30:03.060,20260325,93003060,000009.SZ,966693,2,0,9.44,1000
2026-03-25 09:30:03.070,20260325,93003070,000009.SZ,967725,1,0,8.76,300
2026-03-25 09:30:03.080,20260325,93003080,000009.SZ,969026,1,0,8.76,800
2026-03-25 09:30:03.090,20260325,93003090,000009.SZ,969596,2,0,9.1,6500
2026-03-25 09:30:03.090,20260325,93003090,000009.SZ,969846,2,0,9.6,18000
2026-03-25 09:30:03.160,20260325,93003160,000009.SZ,974532,2,0,8.75,100
2026-03-25 09:30:03.170,20260325,93003170,000009.SZ,975661,2,0,9.35,1500
2026-03-25 09:30:03.170,20260325,93003170,000009.SZ,975675,2,0,9.61,6000
2026-03-25 09:30:03.180,20260325,93003180,000009.SZ,976605,2,0,8.75,1100
2026-03-25 09:30:03.200,20260325,93003200,000009.SZ,979481,2,0,8.9,400
2026-03-25 09:30:03.200,20260325,93003200,000009.SZ,979556,2,0,8.89,1500
2026-03-25 09:30:03.200,20260325,93003200,000009.SZ,979944,2,0,8.74,2000
2026-03-25 09:30:03.200,20260325,93003200,000009.SZ,980178,2,0,8.8,800
2026-03-25 09:30:03.210,20260325,93003210,000009.SZ,981246,2,0,9.1,1000
2026-03-25 09:30:03.230,20260325,93003230,000009.SZ,982809,2,0,8.75,100
2026-03-25 09:30:03.230,20260325,93003230,000009.SZ,983720,2,0,9.61,10000
2026-03-25 09:30:03.240,20260325,93003240,000009.SZ,984742,1,0,8.4,1600
2026-03-25 09:30:03.250,20260325,93003250,000009.SZ,984943,2,0,8.76,700
2026-03-25 09:30:03.250,20260325,93003250,000009.SZ,985432,2,0,9.02,1000
2026-03-25 09:30:03.260,20260325,93003260,000009.SZ,986223,2,0,8.76,600
2026-03-25 09:30:03.270,20260325,93003270,000009.SZ,986384,2,0,8.74,200
2026-03-25 09:30:03.290,20260325,93003290,000009.SZ,987944,2,0,8.97,500
2026-03-25 09:30:03.300,20260325,93003300,000009.SZ,988517,1,0,8.4,1000
2026-03-25 09:30:03.310,20260325,93003310,000009.SZ,989286,2,0,9.3,500
2026-03-25 09:30:03.310,20260325,93003310,000009.SZ,989452,2,0,9.5,500
2026-03-25 09:30:03.320,20260325,93003320,000009.SZ,989842,1,0,8.77,5000
2026-03-25 09:30:03.340,20260325,93003340,000009.SZ,990940,2,0,8.74,200
2026-03-25 09:30:03.360,20260325,93003360,000009.SZ,992211,1,0,8.6,2300
2026-03-25 09:30:03.360,20260325,93003360,000009.SZ,992443,2,0,8.75,100
2026-03-25 09:30:03.380,20260325,93003380,000009.SZ,993295,2,0,8.8,1000
2026-03-25 09:30:03.420,20260325,93003420,000009.SZ,994990,2,0,8.74,200
2026-03-25 09:30:03.440,20260325,93003440,000009.SZ,996125,2,0,9.0,100
2026-03-25 09:30:03.480,20260325,93003480,000009.SZ,999700,2,0,9.5,100
2026-03-25 09:30:03.490,20260325,93003490,000009.SZ,999937,2,0,8.74,200
2026-03-25 09:30:03.490,20260325,93003490,000009.SZ,1000024,1,0,8.75,100
2026-03-25 09:30:03.530,20260325,93003530,000009.SZ,1001650,2,0,8.74,1000
2026-03-25 09:30:03.550,20260325,93003550,000009.SZ,1002600,1,0,8.74,2000
2026-03-25 09:30:03.570,20260325,93003570,000009.SZ,1003220,2,0,8.74,100
2026-03-25 09:30:03.570,20260325,93003570,000009.SZ,1003227,2,0,8.74,100
2026-03-25 09:30:03.760,20260325,93003760,000009.SZ,1013163,2,0,8.76,600
2026-03-25 09:30:03.850,20260325,93003850,000009.SZ,1017845,1,0,8.7,500
2026-03-25 09:30:03.860,20260325,93003860,000009.SZ,1018718,1,0,8.6,200
2026-03-25 09:30:03.890,20260325,93003890,000009.SZ,1020052,2,0,8.76,1600
2026-03-25 09:30:03.910,20260325,93003910,000009.SZ,1020692,1,0,8.77,1000
2026-03-25 09:30:03.960,20260325,93003960,000009.SZ,1022564,1,0,8.7,200
2026-03-25 09:30:03.970,20260325,93003970,000009.SZ,1023281,1,0,8.65,10000
2026-03-25 09:30:03.970,20260325,93003970,000009.SZ,1023293,2,0,9.0,200
2026-03-25 09:30:03.990,20260325,93003990,000009.SZ,1024290,2,0,8.83,100
2026-03-25 09:30:04.070,20260325,93004070,000009.SZ,1029431,1,0,8.73,1000
2026-03-25 09:30:04.080,20260325,93004080,000009.SZ,1029793,1,0,8.76,2000
2026-03-25 09:30:04.090,20260325,93004090,000009.SZ,1030667,2,0,8.76,1100
2026-03-25 09:30:04.160,20260325,93004160,000009.SZ,1034121,1,0,8.67,40000
2026-03-25 09:30:04.160,20260325,93004160,000009.SZ,1034238,2,0,9.58,500
2026-03-25 09:30:04.230,20260325,93004230,000009.SZ,1038487,1,0,8.45,300
2026-03-25 09:30:04.240,20260325,93004240,000009.SZ,1039610,2,0,9.61,1000
2026-03-25 09:30:04.240,20260325,93004240,000009.SZ,1040006,2,0,8.74,100
2026-03-25 09:30:04.270,20260325,93004270,000009.SZ,1042259,2,0,8.79,2000
2026-03-25 09:30:04.280,20260325,93004280,000009.SZ,1042614,2,0,9.16,500
2026-03-25 09:30:04.290,20260325,93004290,000009.SZ,1043302,2,0,9.02,2000
2026-03-25 09:30:04.300,20260325,93004300,000009.SZ,1043992,2,0,8.8,1400
2026-03-25 09:30:04.300,20260325,93004300,000009.SZ,1044186,2,0,8.75,9200
2026-03-25 09:30:04.390,20260325,93004390,000009.SZ,1049980,2,0,8.74,100
2026-03-25 09:30:04.520,20260325,93004520,000009.SZ,1056605,2,0,8.77,1200
2026-03-25 09:30:04.530,20260325,93004530,000009.SZ,1056807,1,0,8.77,800
2026-03-25 09:30:04.550,20260325,93004550,000009.SZ,1058019,1,0,8.75,200
2026-03-25 09:30:04.690,20260325,93004690,000009.SZ,1063317,1,0,8.77,400
2026-03-25 09:30:04.690,20260325,93004690,000009.SZ,1063339,2,0,8.75,200
2026-03-25 09:30:04.750,20260325,93004750,000009.SZ,1065577,2,0,9.61,1900
2026-03-25 09:30:04.860,20260325,93004860,000009.SZ,1070529,1,0,8.5,700
2026-03-25 09:30:04.910,20260325,93004910,000009.SZ,1072331,2,0,8.71,1000
2026-03-25 09:30:04.990,20260325,93004990,000009.SZ,1074828,2,0,9.61,1000
2026-03-25 09:30:04.990,20260325,93004990,000009.SZ,1074938,1,0,8.77,500
2026-03-25 09:30:04.990,20260325,93004990,000009.SZ,1075104,1,0,8.7,500
2026-03-25 09:30:05.060,20260325,93005060,000009.SZ,1078176,2,0,8.95,300
2026-03-25 09:30:05.090,20260325,93005090,000009.SZ,1079549,2,0,8.8,1200
2026-03-25 09:30:05.170,20260325,93005170,000009.SZ,1083081,2,0,8.72,200
2026-03-25 09:30:05.190,20260325,93005190,000009.SZ,1083807,2,0,8.96,2000
2026-03-25 09:30:05.240,20260325,93005240,000009.SZ,1086602,2,0,8.76,500
2026-03-25 09:30:05.240,20260325,93005240,000009.SZ,1086724,1,0,8.77,3600
2026-03-25 09:30:05.360,20260325,93005360,000009.SZ,1090237,2,0,9.1,800
2026-03-25 09:30:05.430,20260325,93005430,000009.SZ,1091929,1,0,8.75,9600
2026-03-25 09:30:05.490,20260325,93005490,000009.SZ,1093622,2,0,8.77,200
2026-03-25 09:30:05.490,20260325,93005490,000009.SZ,1093721,2,0,9.01,4000
2026-03-25 09:30:05.580,20260325,93005580,000009.SZ,1096216,1,0,8.45,100
2026-03-25 09:30:05.840,20260325,93005840,000009.SZ,1101377,2,0,9.2,1000
2026-03-25 09:30:06.020,20260325,93006020,000009.SZ,1104943,2,0,9.15,5100
2026-03-25 09:30:06.090,20260325,93006090,000009.SZ,1107435,2,0,9.1,33000
2026-03-25 09:30:06.150,20260325,93006150,000009.SZ,1109476,2,0,8.75,600
2026-03-25 09:30:06.150,20260325,93006150,000009.SZ,1109505,2,0,8.75,1800
2026-03-25 09:30:06.150,20260325,93006150,000009.SZ,1109509,2,0,8.75,1900
2026-03-25 09:30:06.150,20260325,93006150,000009.SZ,1109520,2,0,8.75,600
2026-03-25 09:30:06.150,20260325,93006150,000009.SZ,1109586,2,0,8.75,5900
2026-03-25 09:30:06.150,20260325,93006150,000009.SZ,1109588,2,0,8.75,100
2026-03-25 09:30:06.150,20260325,93006150,000009.SZ,1109591,2,0,8.75,6000
2026-03-25 09:30:06.150,20260325,93006150,000009.SZ,1109595,2,0,8.75,5100
2026-03-25 09:30:06.150,20260325,93006150,000009.SZ,1109596,2,0,8.75,4600
2026-03-25 09:30:06.150,20260325,93006150,000009.SZ,1109605,2,0,8.75,4900
2026-03-25 09:30:06.150,20260325,93006150,000009.SZ,1109608,2,0,8.75,7700
2026-03-25 09:30:06.150,20260325,93006150,000009.SZ,1109616,2,0,8.75,4200
2026-03-25 09:30:06.150,20260325,93006150,000009.SZ,1109619,2,0,8.74,3200
2026-03-25 09:30:06.150,20260325,93006150,000009.SZ,1109634,2,0,8.75,2600
2026-03-25 09:30:06.150,20260325,93006150,000009.SZ,1109730,2,0,8.75,100
2026-03-25 09:30:06.150,20260325,93006150,000009.SZ,1109734,2,0,8.75,700
2026-03-25 09:30:06.150,20260325,93006150,000009.SZ,1109754,2,0,8.75,1100
2026-03-25 09:30:06.150,20260325,93006150,000009.SZ,1109793,2,0,8.75,300
2026-03-25 09:30:06.150,20260325,93006150,000009.SZ,1109794,2,0,8.75,300
2026-03-25 09:30:06.150,20260325,93006150,000009.SZ,1109795,2,0,8.75,300
2026-03-25 09:30:06.150,20260325,93006150,000009.SZ,1109796,2,0,8.75,4300
2026-03-25 09:30:06.160,20260325,93006160,000009.SZ,1109811,2,0,8.75,100
2026-03-25 09:30:06.160,20260325,93006160,000009.SZ,1109981,2,0,8.75,1300
2026-03-25 09:30:06.190,20260325,93006190,000009.SZ,1111008,1,0,8.4,500
2026-03-25 09:30:06.200,20260325,93006200,000009.SZ,1111317,2,0,9.6,700
2026-03-25 09:30:06.220,20260325,93006220,000009.SZ,1112358,2,0,9.61,700
2026-03-25 09:30:06.240,20260325,93006240,000009.SZ,1113130,2,0,9.0,500
2026-03-25 09:30:06.280,20260325,93006280,000009.SZ,1115681,2,0,8.76,200
2026-03-25 09:30:06.290,20260325,93006290,000009.SZ,1115786,2,0,8.76,400
2026-03-25 09:30:06.310,20260325,93006310,000009.SZ,1116511,2,0,8.76,600
2026-03-25 09:30:06.310,20260325,93006310,000009.SZ,1116789,2,0,8.76,700
2026-03-25 09:30:06.350,20260325,93006350,000009.SZ,1117518,2,0,9.4,1000
2026-03-25 09:30:06.410,20260325,93006410,000009.SZ,1118961,2,0,8.77,100
2026-03-25 09:30:06.410,20260325,93006410,000009.SZ,1119071,2,0,8.77,1100
2026-03-25 09:30:06.420,20260325,93006420,000009.SZ,1119479,2,0,8.7,1200
2026-03-25 09:30:06.460,20260325,93006460,000009.SZ,1121138,2,0,8.77,400
2026-03-25 09:30:06.470,20260325,93006470,000009.SZ,1121770,1,0,8.75,100
2026-03-25 09:30:06.540,20260325,93006540,000009.SZ,1125076,1,0,8.0,1000
2026-03-25 09:30:06.550,20260325,93006550,000009.SZ,1125317,2,0,9.58,1700
2026-03-25 09:30:06.720,20260325,93006720,000009.SZ,1132378,1,0,8.79,1500
2026-03-25 09:30:06.770,20260325,93006770,000009.SZ,1133486,1,0,8.65,300
2026-03-25 09:30:06.800,20260325,93006800,000009.SZ,1135033,2,0,8.76,900
2026-03-25 09:30:06.830,20260325,93006830,000009.SZ,1135862,2,0,8.85,10000
2026-03-25 09:30:06.980,20260325,93006980,000009.SZ,1138832,1,0,8.78,200
2026-03-25 09:30:07.120,20260325,93007120,000009.SZ,1143562,1,0,8.76,100
2026-03-25 09:30:07.130,20260325,93007130,000009.SZ,1143967,2,0,8.75,900
2026-03-25 09:30:07.140,20260325,93007140,000009.SZ,1144173,1,0,8.76,1200
2026-03-25 09:30:07.140,20260325,93007140,000009.SZ,1144180,1,0,8.76,100
2026-03-25 09:30:07.140,20260325,93007140,000009.SZ,1144197,2,0,8.9,500
2026-03-25 09:30:07.140,20260325,93007140,000009.SZ,1144235,1,0,8.76,800
2026-03-25 09:30:07.140,20260325,93007140,000009.SZ,1144390,1,0,8.76,300
2026-03-25 09:30:07.150,20260325,93007150,000009.SZ,1144658,1,0,8.76,100
2026-03-25 09:30:07.180,20260325,93007180,000009.SZ,1145896,2,0,9.23,1300
