timestamp,date,stamp,code,order_no,bs_flag,order_type,order_price,order_volume
2026-03-31 09:15:00.030,20260331,91500030,000009.SZ,1175,2,0,9.03,500
2026-03-31 09:15:00.040,20260331,91500040,000009.SZ,2658,2,0,9.92,3000
2026-03-31 09:15:00.040,20260331,91500040,000009.SZ,3546,2,0,9.66,2000
2026-03-31 09:15:00.040,20260331,91500040,000009.SZ,3791,1,0,8.77,2000
2026-03-31 09:15:00.040,20260331,91500040,000009.SZ,4064,2,0,9.14,2000
2026-03-31 09:15:00.050,20260331,91500050,000009.SZ,5058,2,0,9.22,100
2026-03-31 09:15:00.050,20260331,91500050,000009.SZ,5124,2,0,9.38,3000
2026-03-31 09:15:00.050,20260331,91500050,000009.SZ,5162,2,0,9.93,100
2026-03-31 09:15:00.050,20260331,91500050,000009.SZ,5578,2,0,9.15,1800
2026-03-31 09:15:00.050,20260331,91500050,000009.SZ,6482,2,0,9.13,600
2026-03-31 09:15:00.050,20260331,91500050,000009.SZ,6483,1,0,8.7,500
2026-03-31 09:15:00.050,20260331,91500050,000009.SZ,7601,2,0,9.1,100
2026-03-31 09:15:00.050,20260331,91500050,000009.SZ,8072,2,0,9.85,100
2026-03-31 09:15:00.050,20260331,91500050,000009.SZ,8143,1,0,8.72,300
2026-03-31 09:15:00.050,20260331,91500050,000009.SZ,8412,2,0,9.75,100
2026-03-31 09:15:00.050,20260331,91500050,000009.SZ,8653,1,0,8.88,1000
2026-03-31 09:15:00.050,20260331,91500050,000009.SZ,8804,2,0,9.93,1000
2026-03-31 09:15:00.060,20260331,91500060,000009.SZ,9594,2,0,9.5,100
2026-03-31 09:15:00.060,20260331,91500060,000009.SZ,9595,2,0,9.9,100
2026-03-31 09:15:00.060,20260331,91500060,000009.SZ,9700,2,0,9.9,2300
2026-03-31 09:15:00.060,20260331,91500060,000009.SZ,9818,2,0,9.25,100
2026-03-31 09:15:00.060,20260331,91500060,000009.SZ,9961,2,0,9.15,1000
2026-03-31 09:15:00.060,20260331,91500060,000009.SZ,10461,2,0,9.09,2000
2026-03-31 09:15:00.060,20260331,91500060,000009.SZ,10479,2,0,9.9,100
2026-03-31 09:15:00.060,20260331,91500060,000009.SZ,10941,1,0,9.04,200
2026-03-31 09:15:00.060,20260331,91500060,000009.SZ,11243,2,0,9.68,2000
2026-03-31 09:15:00.060,20260331,91500060,000009.SZ,11246,2,0,9.76,4000
2026-03-31 09:15:00.060,20260331,91500060,000009.SZ,11250,2,0,9.85,4000
2026-03-31 09:15:00.060,20260331,91500060,000009.SZ,11501,2,0,9.15,800
2026-03-31 09:15:00.060,20260331,91500060,000009.SZ,14122,2,0,9.11,2000
2026-03-31 09:15:00.060,20260331,91500060,000009.SZ,15482,2,0,9.93,100
2026-03-31 09:15:00.070,20260331,91500070,000009.SZ,16311,2,0,9.85,100
2026-03-31 09:15:00.070,20260331,91500070,000009.SZ,16425,2,0,9.79,100
2026-03-31 09:15:00.070,20260331,91500070,000009.SZ,16433,2,0,9.68,100
2026-03-31 09:15:00.070,20260331,91500070,000009.SZ,16455,2,0,9.47,6400
2026-03-31 09:15:00.070,20260331,91500070,000009.SZ,17134,2,0,9.92,200
2026-03-31 09:15:00.070,20260331,91500070,000009.SZ,17609,2,0,9.66,1000
2026-03-31 09:15:00.070,20260331,91500070,000009.SZ,17709,2,0,9.17,2000
2026-03-31 09:15:00.070,20260331,91500070,000009.SZ,17719,1,0,8.77,2000
2026-03-31 09:15:00.070,20260331,91500070,000009.SZ,18161,2,0,9.42,2000
2026-03-31 09:15:00.070,20260331,91500070,000009.SZ,18806,2,0,9.33,4500
2026-03-31 09:15:00.070,20260331,91500070,000009.SZ,18807,2,0,9.66,4100
2026-03-31 09:15:00.070,20260331,91500070,000009.SZ,18808,2,0,9.9,4000
2026-03-31 09:15:00.070,20260331,91500070,000009.SZ,20157,2,0,9.9,500
2026-03-31 09:15:00.080,20260331,91500080,000009.SZ,21218,2,0,9.4,2000
2026-03-31 09:15:00.080,20260331,91500080,000009.SZ,21219,1,0,8.55,2000
2026-03-31 09:15:00.080,20260331,91500080,000009.SZ,23893,2,0,9.55,8000
2026-03-31 09:15:00.080,20260331,91500080,000009.SZ,24063,2,0,9.92,500
2026-03-31 09:15:00.090,20260331,91500090,000009.SZ,26078,2,0,9.39,500
2026-03-31 09:15:00.090,20260331,91500090,000009.SZ,26159,2,0,9.92,100
2026-03-31 09:15:00.090,20260331,91500090,000009.SZ,26160,2,0,9.8,100
2026-03-31 09:15:00.090,20260331,91500090,000009.SZ,26268,2,0,9.1,1000
2026-03-31 09:15:00.090,20260331,91500090,000009.SZ,27113,2,0,9.93,500
2026-03-31 09:15:00.090,20260331,91500090,000009.SZ,27587,2,0,9.92,200
2026-03-31 09:15:00.090,20260331,91500090,000009.SZ,28448,2,0,9.46,600
2026-03-31 09:15:00.100,20260331,91500100,000009.SZ,28908,1,0,8.86,4000
2026-03-31 09:15:00.100,20260331,91500100,000009.SZ,29792,2,0,9.2,2000
2026-03-31 09:15:00.100,20260331,91500100,000009.SZ,29793,2,0,9.6,2000
2026-03-31 09:15:00.100,20260331,91500100,000009.SZ,30571,2,0,9.03,100
2026-03-31 09:15:00.100,20260331,91500100,000009.SZ,30697,2,0,9.35,6000
2026-03-31 09:15:00.100,20260331,91500100,000009.SZ,31628,2,0,9.92,6000
2026-03-31 09:15:00.100,20260331,91500100,000009.SZ,32620,2,0,9.19,7000
2026-03-31 09:15:00.100,20260331,91500100,000009.SZ,32621,2,0,9.29,7000
2026-03-31 09:15:00.100,20260331,91500100,000009.SZ,32622,2,0,9.38,6000
2026-03-31 09:15:00.100,20260331,91500100,000009.SZ,32625,2,0,9.93,30000
2026-03-31 09:15:00.100,20260331,91500100,000009.SZ,32626,2,0,9.59,10000
2026-03-31 09:15:00.100,20260331,91500100,000009.SZ,32627,2,0,9.19,10000
2026-03-31 09:15:00.100,20260331,91500100,000009.SZ,32628,2,0,9.69,10000
2026-03-31 09:15:00.100,20260331,91500100,000009.SZ,32629,2,0,9.29,10000
2026-03-31 09:15:00.100,20260331,91500100,000009.SZ,32630,2,0,9.79,10000
2026-03-31 09:15:00.100,20260331,91500100,000009.SZ,32632,2,0,9.38,6000
2026-03-31 09:15:00.100,20260331,91500100,000009.SZ,32633,2,0,9.45,2000
2026-03-31 09:15:00.100,20260331,91500100,000009.SZ,32634,2,0,9.69,2000
2026-03-31 09:15:00.100,20260331,91500100,000009.SZ,32636,2,0,9.93,2000
2026-03-31 09:15:00.100,20260331,91500100,000009.SZ,32642,2,0,9.93,5000
2026-03-31 09:15:00.100,20260331,91500100,000009.SZ,32644,2,0,9.79,10000
2026-03-31 09:15:00.110,20260331,91500110,000009.SZ,33603,2,0,9.29,800
2026-03-31 09:15:00.110,20260331,91500110,000009.SZ,33816,1,0,8.88,2000
2026-03-31 09:15:00.110,20260331,91500110,000009.SZ,34107,1,0,8.81,5000
2026-03-31 09:15:00.110,20260331,91500110,000009.SZ,34395,2,0,9.93,500
2026-03-31 09:15:00.110,20260331,91500110,000009.SZ,34397,2,0,9.92,11000
2026-03-31 09:15:00.110,20260331,91500110,000009.SZ,35503,2,0,9.55,400
2026-03-31 09:15:00.110,20260331,91500110,000009.SZ,35907,1,0,8.3,100
2026-03-31 09:15:00.110,20260331,91500110,000009.SZ,36297,2,0,9.27,800
2026-03-31 09:15:00.120,20260331,91500120,000009.SZ,37976,2,0,9.2,6000
2026-03-31 09:15:00.120,20260331,91500120,000009.SZ,37977,2,0,9.33,6000
2026-03-31 09:15:00.120,20260331,91500120,000009.SZ,38492,1,0,8.83,500
2026-03-31 09:15:00.120,20260331,91500120,000009.SZ,39343,2,0,9.14,500
2026-03-31 09:15:00.120,20260331,91500120,000009.SZ,40311,2,0,9.93,600
2026-03-31 09:15:00.120,20260331,91500120,000009.SZ,40312,2,0,9.93,600
2026-03-31 09:15:00.120,20260331,91500120,000009.SZ,40679,2,0,9.93,6400
2026-03-31 09:15:00.130,20260331,91500130,000009.SZ,42385,1,0,8.98,2300
2026-03-31 09:15:00.130,20260331,91500130,000009.SZ,42468,2,0,9.93,200
2026-03-31 09:15:00.130,20260331,91500130,000009.SZ,42499,2,0,9.19,10000
2026-03-31 09:15:00.130,20260331,91500130,000009.SZ,42500,2,0,9.29,10000
2026-03-31 09:15:00.130,20260331,91500130,000009.SZ,42501,2,0,9.38,10000
2026-03-31 09:15:00.130,20260331,91500130,000009.SZ,42502,2,0,9.45,2000
2026-03-31 09:15:00.130,20260331,91500130,000009.SZ,42503,2,0,9.69,10000
2026-03-31 09:15:00.130,20260331,91500130,000009.SZ,42505,2,0,9.93,2000
2026-03-31 09:15:00.130,20260331,91500130,000009.SZ,42553,2,0,9.93,5000
2026-03-31 09:15:00.130,20260331,91500130,000009.SZ,42624,2,0,9.37,500
2026-03-31 09:15:00.130,20260331,91500130,000009.SZ,42633,2,0,9.19,10000
2026-03-31 09:15:00.130,20260331,91500130,000009.SZ,42634,2,0,9.29,10000
2026-03-31 09:15:00.130,20260331,91500130,000009.SZ,42635,2,0,9.38,8000
2026-03-31 09:15:00.130,20260331,91500130,000009.SZ,42636,2,0,9.45,2000
2026-03-31 09:15:00.130,20260331,91500130,000009.SZ,42637,2,0,9.69,10000
2026-03-31 09:15:00.130,20260331,91500130,000009.SZ,42638,2,0,9.93,2000
2026-03-31 09:15:00.130,20260331,91500130,000009.SZ,42731,1,0,8.54,200
2026-03-31 09:15:00.130,20260331,91500130,000009.SZ,45525,2,0,9.12,2400
2026-03-31 09:15:00.140,20260331,91500140,000009.SZ,46794,2,0,9.59,1200
2026-03-31 09:15:00.140,20260331,91500140,000009.SZ,49557,2,0,9.92,1000
2026-03-31 09:15:00.140,20260331,91500140,000009.SZ,50330,2,0,9.76,1000
2026-03-31 09:15:00.140,20260331,91500140,000009.SZ,50792,2,0,9.92,400
2026-03-31 09:15:00.140,20260331,91500140,000009.SZ,50794,2,0,9.63,400
2026-03-31 09:15:00.150,20260331,91500150,000009.SZ,51850,2,0,9.23,5600
2026-03-31 09:15:00.150,20260331,91500150,000009.SZ,52395,2,0,9.93,1000
2026-03-31 09:15:00.150,20260331,91500150,000009.SZ,52509,2,0,9.26,200
2026-03-31 09:15:00.150,20260331,91500150,000009.SZ,52510,2,0,9.49,200
2026-03-31 09:15:00.150,20260331,91500150,000009.SZ,52511,2,0,9.71,200
2026-03-31 09:15:00.150,20260331,91500150,000009.SZ,52512,2,0,9.93,200
2026-03-31 09:15:00.150,20260331,91500150,000009.SZ,52523,1,0,8.78,1100
2026-03-31 09:15:00.160,20260331,91500160,000009.SZ,55793,2,0,9.93,2000
2026-03-31 09:15:00.160,20260331,91500160,000009.SZ,55950,1,0,9.0,200
2026-03-31 09:15:00.160,20260331,91500160,000009.SZ,56020,2,0,9.5,500
2026-03-31 09:15:00.160,20260331,91500160,000009.SZ,56298,2,0,9.2,300
2026-03-31 09:15:00.160,20260331,91500160,000009.SZ,56513,1,0,8.7,100
2026-03-31 09:15:00.160,20260331,91500160,000009.SZ,57448,2,0,9.22,1000
2026-03-31 09:15:00.160,20260331,91500160,000009.SZ,57775,1,0,8.6,600
2026-03-31 09:15:00.160,20260331,91500160,000009.SZ,58047,2,0,9.66,2900
2026-03-31 09:15:00.160,20260331,91500160,000009.SZ,58545,2,0,9.57,2000
2026-03-31 09:15:00.170,20260331,91500170,000009.SZ,58830,2,0,9.92,4000
2026-03-31 09:15:00.170,20260331,91500170,000009.SZ,59518,2,0,9.18,38600
2026-03-31 09:15:00.170,20260331,91500170,000009.SZ,59670,2,0,9.43,1000
2026-03-31 09:15:00.170,20260331,91500170,000009.SZ,60982,2,0,9.9,1000
2026-03-31 09:15:00.170,20260331,91500170,000009.SZ,60983,2,0,9.49,1000
2026-03-31 09:15:00.170,20260331,91500170,000009.SZ,61560,1,0,8.35,400
2026-03-31 09:15:00.170,20260331,91500170,000009.SZ,61624,2,0,9.85,2600
2026-03-31 09:15:00.170,20260331,91500170,000009.SZ,61903,1,0,8.8,15000
2026-03-31 09:15:00.170,20260331,91500170,000009.SZ,62345,2,0,9.49,1000
2026-03-31 09:15:00.170,20260331,91500170,000009.SZ,62346,2,0,9.93,1000
2026-03-31 09:15:00.180,20260331,91500180,000009.SZ,62783,2,0,9.93,1000
2026-03-31 09:15:00.180,20260331,91500180,000009.SZ,63709,2,0,9.5,300
2026-03-31 09:15:00.180,20260331,91500180,000009.SZ,64639,2,0,9.7,300
2026-03-31 09:15:00.180,20260331,91500180,000009.SZ,64673,1,0,9.0,61600
2026-03-31 09:15:00.180,20260331,91500180,000009.SZ,65149,2,0,9.28,1000
2026-03-31 09:15:00.190,20260331,91500190,000009.SZ,66591,2,0,9.6,600
2026-03-31 09:15:00.190,20260331,91500190,000009.SZ,66959,1,0,8.13,3000
2026-03-31 09:15:00.190,20260331,91500190,000009.SZ,68150,2,0,9.45,300
2026-03-31 09:15:00.190,20260331,91500190,000009.SZ,68590,2,0,9.8,100
2026-03-31 09:15:00.190,20260331,91500190,000009.SZ,69300,2,0,9.88,1800
2026-03-31 09:15:00.200,20260331,91500200,000009.SZ,71222,2,0,9.03,600
2026-03-31 09:15:00.200,20260331,91500200,000009.SZ,72179,2,0,9.82,100
2026-03-31 09:15:00.200,20260331,91500200,000009.SZ,72180,2,0,9.84,100
2026-03-31 09:15:00.200,20260331,91500200,000009.SZ,72181,2,0,9.88,100
2026-03-31 09:15:00.200,20260331,91500200,000009.SZ,72183,2,0,9.9,100
2026-03-31 09:15:00.200,20260331,91500200,000009.SZ,72184,2,0,9.93,100
2026-03-31 09:15:00.210,20260331,91500210,000009.SZ,72507,1,0,8.88,20000
2026-03-31 09:15:00.210,20260331,91500210,000009.SZ,72678,2,0,9.9,600
2026-03-31 09:15:00.210,20260331,91500210,000009.SZ,73837,2,0,9.37,2000
2026-03-31 09:15:00.210,20260331,91500210,000009.SZ,73845,1,0,8.6,1000
2026-03-31 09:15:00.210,20260331,91500210,000009.SZ,73859,2,0,9.5,3200
2026-03-31 09:15:00.210,20260331,91500210,000009.SZ,74260,2,0,9.93,4000
2026-03-31 09:15:00.210,20260331,91500210,000009.SZ,74689,2,0,9.19,5000
2026-03-31 09:15:00.220,20260331,91500220,000009.SZ,75118,2,0,9.22,4800
2026-03-31 09:15:00.220,20260331,91500220,000009.SZ,75119,2,0,9.33,5000
2026-03-31 09:15:00.220,20260331,91500220,000009.SZ,75120,2,0,9.44,5000
2026-03-31 09:15:00.220,20260331,91500220,000009.SZ,75582,1,0,8.75,6500
2026-03-31 09:15:00.220,20260331,91500220,000009.SZ,76032,2,0,9.93,500
2026-03-31 09:15:00.230,20260331,91500230,000009.SZ,77701,2,0,9.4,500
2026-03-31 09:15:00.230,20260331,91500230,000009.SZ,77702,2,0,9.9,500
2026-03-31 09:15:00.230,20260331,91500230,000009.SZ,78096,1,0,8.75,400
2026-03-31 09:15:00.230,20260331,91500230,000009.SZ,79250,2,0,9.9,400
2026-03-31 09:15:00.240,20260331,91500240,000009.SZ,80020,2,0,9.9,3100
2026-03-31 09:15:00.240,20260331,91500240,000009.SZ,80123,2,0,9.38,3000
2026-03-31 09:15:00.240,20260331,91500240,000009.SZ,81105,2,0,9.93,17200
2026-03-31 09:15:00.240,20260331,91500240,000009.SZ,81525,2,0,9.03,500
2026-03-31 09:15:00.250,20260331,91500250,000009.SZ,82487,2,0,9.75,100
2026-03-31 09:15:00.250,20260331,91500250,000009.SZ,82739,2,0,9.25,300
2026-03-31 09:15:00.250,20260331,91500250,000009.SZ,83208,2,0,9.22,100
2026-03-31 09:15:00.250,20260331,91500250,000009.SZ,83209,2,0,9.33,100
2026-03-31 09:15:00.250,20260331,91500250,000009.SZ,83211,2,0,9.44,100
2026-03-31 09:15:00.250,20260331,91500250,000009.SZ,83212,2,0,9.53,100
2026-03-31 09:15:00.250,20260331,91500250,000009.SZ,83213,2,0,9.66,300
2026-03-31 09:15:00.250,20260331,91500250,000009.SZ,83214,2,0,9.77,200
2026-03-31 09:15:00.250,20260331,91500250,000009.SZ,83215,2,0,9.88,400
2026-03-31 09:15:00.250,20260331,91500250,000009.SZ,84403,1,0,8.51,100
2026-03-31 09:15:00.260,20260331,91500260,000009.SZ,84507,2,0,9.78,1000
2026-03-31 09:15:00.260,20260331,91500260,000009.SZ,85003,1,0,8.76,1300
2026-03-31 09:15:00.260,20260331,91500260,000009.SZ,86218,2,0,9.93,600
2026-03-31 09:15:00.280,20260331,91500280,000009.SZ,88097,2,0,9.03,1000
2026-03-31 09:15:00.290,20260331,91500290,000009.SZ,89513,1,0,8.82,1000
2026-03-31 09:15:00.300,20260331,91500300,000009.SZ,91748,2,0,9.93,1000
2026-03-31 09:15:00.310,20260331,91500310,000009.SZ,92976,2,0,9.93,1300
2026-03-31 09:15:00.310,20260331,91500310,000009.SZ,92977,2,0,9.39,1000
2026-03-31 09:15:00.310,20260331,91500310,000009.SZ,93212,2,0,9.4,8000
2026-03-31 09:15:00.310,20260331,91500310,000009.SZ,93912,2,0,9.2,5300
2026-03-31 09:15:00.330,20260331,91500330,000009.SZ,96095,1,0,8.75,400
2026-03-31 09:15:00.330,20260331,91500330,000009.SZ,96097,1,0,8.56,900
2026-03-31 09:15:00.330,20260331,91500330,000009.SZ,96211,2,0,9.22,500
2026-03-31 09:15:00.330,20260331,91500330,000009.SZ,96212,2,0,9.5,200
2026-03-31 09:15:00.330,20260331,91500330,000009.SZ,96213,2,0,9.1,100
2026-03-31 09:15:00.330,20260331,91500330,000009.SZ,96294,2,0,9.93,600
2026-03-31 09:15:00.330,20260331,91500330,000009.SZ,96516,2,0,9.9,1000
2026-03-31 09:15:00.340,20260331,91500340,000009.SZ,96831,1,0,8.13,2000
2026-03-31 09:15:00.340,20260331,91500340,000009.SZ,97205,1,0,8.7,1500
2026-03-31 09:15:00.350,20260331,91500350,000009.SZ,98104,2,0,9.58,9300
2026-03-31 09:15:00.350,20260331,91500350,000009.SZ,98389,2,0,9.9,600
2026-03-31 09:15:00.350,20260331,91500350,000009.SZ,98712,2,0,9.5,100
2026-03-31 09:15:00.360,20260331,91500360,000009.SZ,99835,1,0,8.2,100
2026-03-31 09:15:00.360,20260331,91500360,000009.SZ,99839,1,0,8.64,100
2026-03-31 09:15:00.370,20260331,91500370,000009.SZ,100529,1,0,8.75,100
2026-03-31 09:15:00.370,20260331,91500370,000009.SZ,100543,2,0,9.25,100
2026-03-31 09:15:00.370,20260331,91500370,000009.SZ,100544,2,0,9.5,100
2026-03-31 09:15:00.370,20260331,91500370,000009.SZ,100622,2,0,9.93,12000
2026-03-31 09:15:00.370,20260331,91500370,000009.SZ,100644,2,0,9.49,2500
2026-03-31 09:15:00.370,20260331,91500370,000009.SZ,100645,2,0,9.3,1000
2026-03-31 09:15:00.370,20260331,91500370,000009.SZ,101427,1,0,8.48,300
2026-03-31 09:15:00.370,20260331,91500370,000009.SZ,101432,1,0,8.92,2300
2026-03-31 09:15:00.370,20260331,91500370,000009.SZ,101489,2,0,9.45,200
2026-03-31 09:15:00.370,20260331,91500370,000009.SZ,101491,1,0,8.2,500
2026-03-31 09:15:00.380,20260331,91500380,000009.SZ,101667,2,0,9.54,1500
2026-03-31 09:15:00.380,20260331,91500380,000009.SZ,101694,2,0,9.36,200
2026-03-31 09:15:00.380,20260331,91500380,000009.SZ,101814,1,0,8.92,2200
2026-03-31 09:15:00.380,20260331,91500380,000009.SZ,101864,2,0,9.33,2000
2026-03-31 09:15:00.380,20260331,91500380,000009.SZ,102211,1,0,8.83,5900
2026-03-31 09:15:00.380,20260331,91500380,000009.SZ,102284,2,0,9.19,500
2026-03-31 09:15:00.390,20260331,91500390,000009.SZ,102731,1,0,8.76,2000
2026-03-31 09:15:00.390,20260331,91500390,000009.SZ,102829,1,0,8.5,100
2026-03-31 09:15:00.390,20260331,91500390,000009.SZ,103372,2,0,9.58,2000
2026-03-31 09:15:00.390,20260331,91500390,000009.SZ,103773,2,0,9.87,2000
2026-03-31 09:15:00.400,20260331,91500400,000009.SZ,103905,1,0,8.82,7000
2026-03-31 09:15:00.400,20260331,91500400,000009.SZ,103906,2,0,9.5,7000
2026-03-31 09:15:00.400,20260331,91500400,000009.SZ,104768,2,0,9.5,1000
2026-03-31 09:15:00.410,20260331,91500410,000009.SZ,105535,2,0,9.93,2000
2026-03-31 09:15:00.410,20260331,91500410,000009.SZ,105808,2,0,9.18,5000
2026-03-31 09:15:00.410,20260331,91500410,000009.SZ,105809,2,0,9.28,5000
2026-03-31 09:15:00.410,20260331,91500410,000009.SZ,105812,2,0,9.38,5000
2026-03-31 09:15:00.410,20260331,91500410,000009.SZ,105872,1,0,8.81,300
2026-03-31 09:15:00.410,20260331,91500410,000009.SZ,106134,2,0,9.9,4400
2026-03-31 09:15:00.410,20260331,91500410,000009.SZ,106340,2,0,9.48,5000
2026-03-31 09:15:00.410,20260331,91500410,000009.SZ,106341,2,0,9.58,10000
2026-03-31 09:15:00.410,20260331,91500410,000009.SZ,106342,2,0,9.68,10000
2026-03-31 09:15:00.410,20260331,91500410,000009.SZ,106343,2,0,9.78,10000
2026-03-31 09:15:00.410,20260331,91500410,000009.SZ,106344,2,0,9.88,10000
2026-03-31 09:15:00.420,20260331,91500420,000009.SZ,106645,2,0,9.4,100
2026-03-31 09:15:00.420,20260331,91500420,000009.SZ,106646,2,0,9.85,100
2026-03-31 09:15:00.420,20260331,91500420,000009.SZ,107387,1,0,8.8,800
2026-03-31 09:15:00.420,20260331,91500420,000009.SZ,107392,2,0,9.49,600
2026-03-31 09:15:00.430,20260331,91500430,000009.SZ,107710,1,0,8.8,1300
2026-03-31 09:15:00.430,20260331,91500430,000009.SZ,107761,2,0,9.91,2300
2026-03-31 09:15:00.430,20260331,91500430,000009.SZ,108393,2,0,9.25,100
2026-03-31 09:15:00.430,20260331,91500430,000009.SZ,108731,2,0,9.6,700
2026-03-31 09:15:00.440,20260331,91500440,000009.SZ,109075,2,0,9.9,1300
2026-03-31 09:15:00.440,20260331,91500440,000009.SZ,109584,2,0,9.93,2000
2026-03-31 09:15:00.450,20260331,91500450,000009.SZ,110091,2,0,9.34,100
2026-03-31 09:15:00.450,20260331,91500450,000009.SZ,110555,1,0,8.44,100
2026-03-31 09:15:00.450,20260331,91500450,000009.SZ,111300,2,0,9.5,5800
2026-03-31 09:15:00.470,20260331,91500470,000009.SZ,112377,1,0,8.39,900
2026-03-31 09:15:00.470,20260331,91500470,000009.SZ,112378,1,0,8.18,2000
2026-03-31 09:15:00.470,20260331,91500470,000009.SZ,112841,1,0,8.58,1200
2026-03-31 09:15:00.470,20260331,91500470,000009.SZ,113608,2,0,9.89,200
2026-03-31 09:15:00.480,20260331,91500480,000009.SZ,113700,2,0,9.49,1300
2026-03-31 09:15:00.480,20260331,91500480,000009.SZ,113755,2,0,9.79,5600
2026-03-31 09:15:00.480,20260331,91500480,000009.SZ,114383,2,0,9.89,400
2026-03-31 09:15:00.480,20260331,91500480,000009.SZ,114450,2,0,9.23,1900
2026-03-31 09:15:00.480,20260331,91500480,000009.SZ,114455,1,0,8.78,2000
2026-03-31 09:15:00.490,20260331,91500490,000009.SZ,114986,1,0,8.27,800
2026-03-31 09:15:00.490,20260331,91500490,000009.SZ,114988,1,0,8.57,800
2026-03-31 09:15:00.490,20260331,91500490,000009.SZ,115035,2,0,9.29,1000
2026-03-31 09:15:00.490,20260331,91500490,000009.SZ,115532,2,0,9.15,200
2026-03-31 09:15:00.500,20260331,91500500,000009.SZ,115741,1,0,8.84,1000
2026-03-31 09:15:00.500,20260331,91500500,000009.SZ,115962,1,0,8.66,200
2026-03-31 09:15:00.500,20260331,91500500,000009.SZ,116341,2,0,9.37,3000
2026-03-31 09:15:00.500,20260331,91500500,000009.SZ,116343,1,0,8.81,2000
2026-03-31 09:15:00.510,20260331,91500510,000009.SZ,117168,1,0,9.62,5000
2026-03-31 09:15:00.520,20260331,91500520,000009.SZ,118023,1,0,8.4,100
2026-03-31 09:15:00.530,20260331,91500530,000009.SZ,119335,2,0,9.93,100
2026-03-31 09:15:00.530,20260331,91500530,000009.SZ,119362,2,0,9.93,1600
2026-03-31 09:15:00.540,20260331,91500540,000009.SZ,119593,1,0,8.82,61000
2026-03-31 09:15:00.540,20260331,91500540,000009.SZ,119696,1,0,8.88,15000
2026-03-31 09:15:00.550,20260331,91500550,000009.SZ,121017,1,0,8.67,9500
2026-03-31 09:15:00.550,20260331,91500550,000009.SZ,121018,1,0,8.59,5000
2026-03-31 09:15:00.550,20260331,91500550,000009.SZ,121019,1,0,8.56,5100
2026-03-31 09:15:00.550,20260331,91500550,000009.SZ,121022,2,0,9.66,10000
2026-03-31 09:15:00.550,20260331,91500550,000009.SZ,121415,2,0,9.9,6400
2026-03-31 09:15:00.560,20260331,91500560,000009.SZ,122714,2,0,9.93,300
2026-03-31 09:15:00.560,20260331,91500560,000009.SZ,122716,2,0,9.6,300
2026-03-31 09:15:00.570,20260331,91500570,000009.SZ,123780,2,0,9.93,400
2026-03-31 09:15:00.580,20260331,91500580,000009.SZ,124545,1,0,8.88,1000
2026-03-31 09:15:00.580,20260331,91500580,000009.SZ,124965,2,0,9.44,1000
2026-03-31 09:15:00.580,20260331,91500580,000009.SZ,124966,2,0,9.69,1000
2026-03-31 09:15:00.580,20260331,91500580,000009.SZ,124967,2,0,9.92,1000
2026-03-31 09:15:00.620,20260331,91500620,000009.SZ,128824,1,0,8.3,100
2026-03-31 09:15:00.630,20260331,91500630,000009.SZ,129281,2,0,9.29,500
2026-03-31 09:15:00.630,20260331,91500630,000009.SZ,129282,1,0,8.48,500
2026-03-31 09:15:00.630,20260331,91500630,000009.SZ,129528,2,0,9.5,1500
2026-03-31 09:15:00.630,20260331,91500630,000009.SZ,129601,2,0,9.3,5000
2026-03-31 09:15:00.640,20260331,91500640,000009.SZ,130229,2,0,9.58,5000
2026-03-31 09:15:00.640,20260331,91500640,000009.SZ,130669,2,0,9.2,1000
2026-03-31 09:15:00.650,20260331,91500650,000009.SZ,131534,2,0,9.63,300
2026-03-31 09:15:00.650,20260331,91500650,000009.SZ,131535,2,0,9.9,500
2026-03-31 09:15:00.650,20260331,91500650,000009.SZ,131903,2,0,9.9,500
2026-03-31 09:15:00.660,20260331,91500660,000009.SZ,132788,2,0,9.93,2500
2026-03-31 09:15:00.670,20260331,91500670,000009.SZ,133447,2,0,9.53,200
2026-03-31 09:15:00.680,20260331,91500680,000009.SZ,133872,2,0,9.69,100
2026-03-31 09:15:00.680,20260331,91500680,000009.SZ,134304,2,0,9.58,1000
2026-03-31 09:15:00.690,20260331,91500690,000009.SZ,135009,1,0,8.3,700
2026-03-31 09:15:00.690,20260331,91500690,000009.SZ,135037,2,0,9.81,100
2026-03-31 09:15:00.690,20260331,91500690,000009.SZ,135038,1,0,8.31,100
2026-03-31 09:15:00.700,20260331,91500700,000009.SZ,136279,2,0,9.93,1400
2026-03-31 09:15:00.710,20260331,91500710,000009.SZ,136825,2,0,9.93,3500
2026-03-31 09:15:00.720,20260331,91500720,000009.SZ,137697,1,0,8.2,100
2026-03-31 09:15:00.750,20260331,91500750,000009.SZ,140446,1,0,8.8,1000
2026-03-31 09:15:00.760,20260331,91500760,000009.SZ,140828,2,0,9.93,2000
2026-03-31 09:15:00.760,20260331,91500760,000009.SZ,140867,2,0,9.21,5700
2026-03-31 09:15:00.760,20260331,91500760,000009.SZ,141239,2,0,9.33,1200
2026-03-31 09:15:00.760,20260331,91500760,000009.SZ,141368,2,0,9.75,1500
2026-03-31 09:15:00.760,20260331,91500760,000009.SZ,141418,2,0,9.15,200
2026-03-31 09:15:00.760,20260331,91500760,000009.SZ,141424,2,0,9.11,100
2026-03-31 09:15:00.760,20260331,91500760,000009.SZ,141426,2,0,9.19,200
2026-03-31 09:15:00.760,20260331,91500760,000009.SZ,141691,1,0,8.85,1100
2026-03-31 09:15:00.770,20260331,91500770,000009.SZ,142343,2,0,9.48,1100
2026-03-31 09:15:00.770,20260331,91500770,000009.SZ,142344,2,0,9.93,1100
2026-03-31 09:15:00.770,20260331,91500770,000009.SZ,142345,2,0,9.9,1100
2026-03-31 09:15:00.770,20260331,91500770,000009.SZ,142347,2,0,9.85,1100
2026-03-31 09:15:00.770,20260331,91500770,000009.SZ,142348,2,0,9.8,1100
2026-03-31 09:15:00.770,20260331,91500770,000009.SZ,142349,2,0,9.75,1100
2026-03-31 09:15:00.770,20260331,91500770,000009.SZ,142351,2,0,9.7,1100
2026-03-31 09:15:00.770,20260331,91500770,000009.SZ,142352,2,0,9.65,1100
2026-03-31 09:15:00.770,20260331,91500770,000009.SZ,142353,2,0,9.6,1100
2026-03-31 09:15:00.770,20260331,91500770,000009.SZ,142355,2,0,9.55,1100
2026-03-31 09:15:00.790,20260331,91500790,000009.SZ,143688,1,0,8.15,100
2026-03-31 09:15:00.800,20260331,91500800,000009.SZ,144329,2,0,9.65,1000
2026-03-31 09:15:00.810,20260331,91500810,000009.SZ,145180,2,0,9.59,2200
2026-03-31 09:15:00.850,20260331,91500850,000009.SZ,147480,2,0,9.93,800
2026-03-31 09:15:00.870,20260331,91500870,000009.SZ,149489,1,0,8.41,500
2026-03-31 09:15:00.870,20260331,91500870,000009.SZ,149490,2,0,9.91,1000
2026-03-31 09:15:00.870,20260331,91500870,000009.SZ,149866,1,0,8.86,2300
2026-03-31 09:15:00.890,20260331,91500890,000009.SZ,150804,2,0,9.33,3300
2026-03-31 09:15:00.890,20260331,91500890,000009.SZ,150896,1,0,8.81,10000
2026-03-31 09:15:00.900,20260331,91500900,000009.SZ,151499,2,0,9.11,2000
2026-03-31 09:15:00.900,20260331,91500900,000009.SZ,151501,2,0,9.19,2000
2026-03-31 09:15:00.910,20260331,91500910,000009.SZ,152263,1,0,8.9,1100
2026-03-31 09:15:00.940,20260331,91500940,000009.SZ,154127,2,0,9.92,600
2026-03-31 09:15:00.950,20260331,91500950,000009.SZ,154783,2,0,9.93,1000
2026-03-31 09:15:00.950,20260331,91500950,000009.SZ,155175,1,0,9.03,1100
2026-03-31 09:15:00.950,20260331,91500950,000009.SZ,155200,1,0,9.04,500
2026-03-31 09:15:00.960,20260331,91500960,000009.SZ,155629,2,0,8.13,2000
2026-03-31 09:15:00.970,20260331,91500970,000009.SZ,156234,2,0,9.65,1000
2026-03-31 09:15:00.970,20260331,91500970,000009.SZ,156356,2,0,9.58,1400
2026-03-31 09:15:00.970,20260331,91500970,000009.SZ,156357,2,0,9.68,1000
2026-03-31 09:15:00.970,20260331,91500970,000009.SZ,156358,2,0,9.78,1000
2026-03-31 09:15:00.980,20260331,91500980,000009.SZ,156750,1,0,8.2,400
2026-03-31 09:15:00.980,20260331,91500980,000009.SZ,157037,1,0,8.8,2000
2026-03-31 09:15:00.980,20260331,91500980,000009.SZ,157149,2,0,9.5,3500
2026-03-31 09:15:01.000,20260331,91501000,000009.SZ,158233,2,0,9.3,246500
2026-03-31 09:15:01.010,20260331,91501010,000009.SZ,158604,2,0,9.4,1300
2026-03-31 09:15:01.010,20260331,91501010,000009.SZ,158854,2,0,9.44,1800
2026-03-31 09:15:01.010,20260331,91501010,000009.SZ,158855,2,0,9.58,1700
2026-03-31 09:15:01.010,20260331,91501010,000009.SZ,158856,2,0,9.71,1700
2026-03-31 09:15:01.010,20260331,91501010,000009.SZ,158857,2,0,9.82,1700
2026-03-31 09:15:01.010,20260331,91501010,000009.SZ,158858,2,0,9.93,1700
2026-03-31 09:15:01.010,20260331,91501010,000009.SZ,159230,2,0,9.9,500
2026-03-31 09:15:01.010,20260331,91501010,000009.SZ,159286,1,0,8.95,20600
2026-03-31 09:15:01.020,20260331,91501020,000009.SZ,159356,2,0,9.33,2100
2026-03-31 09:15:01.020,20260331,91501020,000009.SZ,159606,2,0,9.9,31000
2026-03-31 09:15:01.020,20260331,91501020,000009.SZ,159720,2,0,8.58,100
2026-03-31 09:15:01.040,20260331,91501040,000009.SZ,160768,2,0,9.62,2000
2026-03-31 09:15:01.040,20260331,91501040,000009.SZ,160919,2,0,9.9,300
2026-03-31 09:15:01.050,20260331,91501050,000009.SZ,161706,2,0,9.06,1000
2026-03-31 09:15:01.050,20260331,91501050,000009.SZ,161707,2,0,9.1,1000
2026-03-31 09:15:01.050,20260331,91501050,000009.SZ,161725,2,0,9.16,2000
2026-03-31 09:15:01.050,20260331,91501050,000009.SZ,161733,2,0,9.2,2100
2026-03-31 09:15:01.050,20260331,91501050,000009.SZ,161770,1,0,8.9,100
2026-03-31 09:15:01.050,20260331,91501050,000009.SZ,161771,1,0,8.6,1000
2026-03-31 09:15:01.050,20260331,91501050,000009.SZ,161778,1,0,8.5,2000
2026-03-31 09:15:01.080,20260331,91501080,000009.SZ,163105,1,0,8.84,2000
2026-03-31 09:15:01.080,20260331,91501080,000009.SZ,163200,2,0,9.9,100
2026-03-31 09:15:01.090,20260331,91501090,000009.SZ,163789,2,0,9.09,1000
2026-03-31 09:15:01.100,20260331,91501100,000009.SZ,164790,2,0,9.3,12100
2026-03-31 09:15:01.110,20260331,91501110,000009.SZ,165134,2,0,9.27,600
2026-03-31 09:15:01.120,20260331,91501120,000009.SZ,165310,1,0,8.9,300
2026-03-31 09:15:01.120,20260331,91501120,000009.SZ,165796,1,0,9.03,100
2026-03-31 09:15:01.130,20260331,91501130,000009.SZ,165957,2,0,9.06,100
2026-03-31 09:15:01.130,20260331,91501130,000009.SZ,166023,2,0,9.29,300
2026-03-31 09:15:01.150,20260331,91501150,000009.SZ,167237,2,0,9.93,2000
2026-03-31 09:15:01.170,20260331,91501170,000009.SZ,168238,2,0,9.31,9000
2026-03-31 09:15:01.170,20260331,91501170,000009.SZ,168248,2,0,9.31,9000
2026-03-31 09:15:01.170,20260331,91501170,000009.SZ,168273,2,0,9.31,10700
2026-03-31 09:15:01.220,20260331,91501220,000009.SZ,170211,2,0,9.21,1400
2026-03-31 09:15:01.240,20260331,91501240,000009.SZ,171575,2,0,9.93,100
2026-03-31 09:15:01.240,20260331,91501240,000009.SZ,171860,2,0,9.63,300
2026-03-31 09:15:01.240,20260331,91501240,000009.SZ,171861,2,0,9.9,500
2026-03-31 09:15:01.260,20260331,91501260,000009.SZ,172473,2,0,9.9,600
2026-03-31 09:15:01.260,20260331,91501260,000009.SZ,172491,2,0,9.25,30000
2026-03-31 09:15:01.290,20260331,91501290,000009.SZ,173585,1,0,8.95,5600
2026-03-31 09:15:01.350,20260331,91501350,000009.SZ,176119,1,0,8.94,2500
2026-03-31 09:15:01.360,20260331,91501360,000009.SZ,176344,2,0,9.93,100
2026-03-31 09:15:01.390,20260331,91501390,000009.SZ,177980,2,0,9.02,1000
2026-03-31 09:15:01.400,20260331,91501400,000009.SZ,178337,2,0,9.93,1000
2026-03-31 09:15:01.420,20260331,91501420,000009.SZ,179132,2,0,9.88,700
2026-03-31 09:15:01.440,20260331,91501440,000009.SZ,180035,2,0,9.27,1500
2026-03-31 09:15:01.450,20260331,91501450,000009.SZ,180588,2,0,9.46,4000
2026-03-31 09:15:01.460,20260331,91501460,000009.SZ,180983,1,0,8.5,200
2026-03-31 09:15:01.460,20260331,91501460,000009.SZ,181085,2,0,9.9,1000
2026-03-31 09:15:01.470,20260331,91501470,000009.SZ,181765,2,0,9.03,3000
2026-03-31 09:15:01.480,20260331,91501480,000009.SZ,182245,2,0,9.23,3000
2026-03-31 09:15:01.480,20260331,91501480,000009.SZ,182516,2,0,9.15,1000
2026-03-31 09:15:01.510,20260331,91501510,000009.SZ,183658,2,0,9.45,2000
2026-03-31 09:15:01.520,20260331,91501520,000009.SZ,184142,2,0,9.9,1000
2026-03-31 09:15:01.580,20260331,91501580,000009.SZ,186980,2,0,9.13,2000
2026-03-31 09:15:01.590,20260331,91501590,000009.SZ,187129,2,0,9.22,1300
2026-03-31 09:15:01.610,20260331,91501610,000009.SZ,188315,2,0,9.85,5900
2026-03-31 09:15:01.650,20260331,91501650,000009.SZ,189916,2,0,9.42,300
2026-03-31 09:15:01.660,20260331,91501660,000009.SZ,190536,2,0,9.6,300
2026-03-31 09:15:01.660,20260331,91501660,000009.SZ,190537,2,0,9.93,500
2026-03-31 09:15:01.670,20260331,91501670,000009.SZ,191087,2,0,9.26,2000
2026-03-31 09:15:01.680,20260331,91501680,000009.SZ,191557,2,0,9.9,1700
2026-03-31 09:15:01.700,20260331,91501700,000009.SZ,192016,2,0,9.13,1000
2026-03-31 09:15:01.700,20260331,91501700,000009.SZ,192036,2,0,9.18,1000
2026-03-31 09:15:01.700,20260331,91501700,000009.SZ,192043,2,0,9.48,1000
2026-03-31 09:15:01.700,20260331,91501700,000009.SZ,192061,2,0,9.7,1000
2026-03-31 09:15:01.710,20260331,91501710,000009.SZ,192685,2,0,9.13,200
2026-03-31 09:15:01.730,20260331,91501730,000009.SZ,193627,2,0,9.46,1600
2026-03-31 09:15:01.730,20260331,91501730,000009.SZ,193906,2,0,9.1,1500
2026-03-31 09:15:01.730,20260331,91501730,000009.SZ,193907,2,0,9.15,1500
2026-03-31 09:15:01.730,20260331,91501730,000009.SZ,193909,1,0,8.75,1000
2026-03-31 09:15:01.760,20260331,91501760,000009.SZ,194727,2,0,9.22,500
2026-03-31 09:15:01.760,20260331,91501760,000009.SZ,194854,1,0,8.86,500
2026-03-31 09:15:01.760,20260331,91501760,000009.SZ,194937,1,0,8.85,200
2026-03-31 09:15:01.790,20260331,91501790,000009.SZ,195911,1,0,8.46,1800
2026-03-31 09:15:01.790,20260331,91501790,000009.SZ,195990,2,0,9.74,2800
2026-03-31 09:15:01.800,20260331,91501800,000009.SZ,196262,2,0,9.93,600
2026-03-31 09:15:01.800,20260331,91501800,000009.SZ,196263,2,0,9.69,600
2026-03-31 09:15:01.800,20260331,91501800,000009.SZ,196264,2,0,9.48,600
2026-03-31 09:15:01.800,20260331,91501800,000009.SZ,196265,2,0,9.28,600
2026-03-31 09:15:01.800,20260331,91501800,000009.SZ,196266,2,0,9.77,600
2026-03-31 09:15:01.800,20260331,91501800,000009.SZ,196267,2,0,9.85,600
2026-03-31 09:15:01.800,20260331,91501800,000009.SZ,196273,2,0,9.58,600
2026-03-31 09:15:01.800,20260331,91501800,000009.SZ,196274,2,0,9.38,600
2026-03-31 09:15:01.800,20260331,91501800,000009.SZ,196275,2,0,9.18,600
2026-03-31 09:15:01.810,20260331,91501810,000009.SZ,196551,1,0,8.73,600
2026-03-31 09:15:01.810,20260331,91501810,000009.SZ,196552,1,0,8.63,700
2026-03-31 09:15:01.810,20260331,91501810,000009.SZ,196553,1,0,8.53,700
2026-03-31 09:15:01.820,20260331,91501820,000009.SZ,196898,2,0,9.22,300
2026-03-31 09:15:01.820,20260331,91501820,000009.SZ,196899,2,0,9.26,300
2026-03-31 09:15:01.820,20260331,91501820,000009.SZ,196900,2,0,9.38,200
2026-03-31 09:15:01.840,20260331,91501840,000009.SZ,197702,1,0,8.13,200
2026-03-31 09:15:01.840,20260331,91501840,000009.SZ,197705,1,0,8.38,200
2026-03-31 09:15:01.850,20260331,91501850,000009.SZ,198236,1,0,8.84,2000
2026-03-31 09:15:01.900,20260331,91501900,000009.SZ,200209,2,0,9.28,1000
2026-03-31 09:15:01.900,20260331,91501900,000009.SZ,200210,2,0,9.35,1200
2026-03-31 09:15:01.920,20260331,91501920,000009.SZ,200770,2,0,9.58,3000
2026-03-31 09:15:01.930,20260331,91501930,000009.SZ,201200,2,0,9.37,600
2026-03-31 09:15:01.960,20260331,91501960,000009.SZ,202643,1,0,9.0,100
2026-03-31 09:15:01.970,20260331,91501970,000009.SZ,202899,2,0,9.57,1200
2026-03-31 09:15:01.990,20260331,91501990,000009.SZ,204022,2,0,9.43,2000
2026-03-31 09:15:02.000,20260331,91502000,000009.SZ,204447,1,0,8.81,1200
2026-03-31 09:15:02.000,20260331,91502000,000009.SZ,204449,1,0,8.91,1200
2026-03-31 09:15:02.000,20260331,91502000,000009.SZ,204672,2,0,9.92,1000
2026-03-31 09:15:02.020,20260331,91502020,000009.SZ,205096,1,0,8.8,1000
2026-03-31 09:15:02.020,20260331,91502020,000009.SZ,205100,2,0,9.62,500
2026-03-31 09:15:02.020,20260331,91502020,000009.SZ,205103,2,0,9.43,500
2026-03-31 09:15:02.020,20260331,91502020,000009.SZ,205114,1,0,8.71,800
2026-03-31 09:15:02.030,20260331,91502030,000009.SZ,205618,1,0,8.18,500
2026-03-31 09:15:02.030,20260331,91502030,000009.SZ,205676,2,0,9.21,1900
2026-03-31 09:15:02.040,20260331,91502040,000009.SZ,205955,2,0,9.88,10600
2026-03-31 09:15:02.040,20260331,91502040,000009.SZ,206005,2,0,9.88,3000
2026-03-31 09:15:02.050,20260331,91502050,000009.SZ,206336,2,0,9.35,1000
2026-03-31 09:15:02.070,20260331,91502070,000009.SZ,207294,1,0,8.82,1000
2026-03-31 09:15:02.070,20260331,91502070,000009.SZ,207295,1,0,8.78,1000
2026-03-31 09:15:02.090,20260331,91502090,000009.SZ,208130,1,0,8.31,200
2026-03-31 09:15:02.090,20260331,91502090,000009.SZ,208230,2,0,9.36,3500
2026-03-31 09:15:02.090,20260331,91502090,000009.SZ,208234,2,0,9.76,1500
2026-03-31 09:15:02.140,20260331,91502140,000009.SZ,209636,2,0,9.19,2500
2026-03-31 09:15:02.170,20260331,91502170,000009.SZ,210761,2,0,9.29,300
2026-03-31 09:15:02.190,20260331,91502190,000009.SZ,211556,2,0,9.32,1000
2026-03-31 09:15:02.190,20260331,91502190,000009.SZ,211565,2,0,9.44,1000
2026-03-31 09:15:02.220,20260331,91502220,000009.SZ,212443,2,0,9.93,5000
2026-03-31 09:15:02.270,20260331,91502270,000009.SZ,213798,1,0,8.99,1000
2026-03-31 09:15:02.290,20260331,91502290,000009.SZ,214333,2,0,9.93,40000
2026-03-31 09:15:02.310,20260331,91502310,000009.SZ,214949,2,0,9.93,210800
2026-03-31 09:15:02.310,20260331,91502310,000009.SZ,214958,2,0,9.93,125600
2026-03-31 09:15:02.370,20260331,91502370,000009.SZ,216459,1,0,8.4,300
2026-03-31 09:15:02.420,20260331,91502420,000009.SZ,217912,2,0,9.7,500
2026-03-31 09:15:02.450,20260331,91502450,000009.SZ,218579,2,0,9.92,300
2026-03-31 09:15:02.450,20260331,91502450,000009.SZ,218735,2,0,8.84,100
2026-03-31 09:15:02.470,20260331,91502470,000009.SZ,219374,2,0,9.38,10000
2026-03-31 09:15:02.480,20260331,91502480,000009.SZ,219910,2,0,9.93,4900
2026-03-31 09:15:02.490,20260331,91502490,000009.SZ,219962,1,0,8.86,2000
2026-03-31 09:15:02.500,20260331,91502500,000009.SZ,220524,2,0,9.9,4400
2026-03-31 09:15:02.560,20260331,91502560,000009.SZ,221519,1,0,9.0,200
2026-03-31 09:15:02.580,20260331,91502580,000009.SZ,221974,2,0,9.93,6600
2026-03-31 09:15:02.590,20260331,91502590,000009.SZ,222104,1,0,8.68,300
2026-03-31 09:15:02.610,20260331,91502610,000009.SZ,222440,2,0,9.92,300
2026-03-31 09:15:02.650,20260331,91502650,000009.SZ,223421,2,0,9.14,500
2026-03-31 09:15:02.650,20260331,91502650,000009.SZ,223423,2,0,9.15,1000
2026-03-31 09:15:02.650,20260331,91502650,000009.SZ,223424,2,0,9.18,1000
2026-03-31 09:15:02.650,20260331,91502650,000009.SZ,223426,2,0,9.89,2000
2026-03-31 09:15:02.670,20260331,91502670,000009.SZ,224127,2,0,9.52,100
2026-03-31 09:15:02.670,20260331,91502670,000009.SZ,224241,2,0,9.93,100
2026-03-31 09:15:02.690,20260331,91502690,000009.SZ,224621,2,0,9.4,2000
2026-03-31 09:15:02.700,20260331,91502700,000009.SZ,224883,2,0,9.5,500
2026-03-31 09:15:02.710,20260331,91502710,000009.SZ,225061,2,0,9.26,100
2026-03-31 09:15:02.720,20260331,91502720,000009.SZ,225431,2,0,9.5,5400
2026-03-31 09:15:02.740,20260331,91502740,000009.SZ,225864,2,0,9.29,1400
2026-03-31 09:15:02.750,20260331,91502750,000009.SZ,226258,2,0,9.9,1300
2026-03-31 09:15:02.790,20260331,91502790,000009.SZ,226760,1,0,8.78,300
2026-03-31 09:15:02.790,20260331,91502790,000009.SZ,226762,1,0,8.58,300
2026-03-31 09:15:02.860,20260331,91502860,000009.SZ,227552,2,0,9.93,2300
2026-03-31 09:15:02.870,20260331,91502870,000009.SZ,227811,2,0,9.33,500
2026-03-31 09:15:02.870,20260331,91502870,000009.SZ,227812,2,0,9.55,600
2026-03-31 09:15:02.870,20260331,91502870,000009.SZ,227813,2,0,9.88,800
2026-03-31 09:15:02.880,20260331,91502880,000009.SZ,227843,1,0,8.77,400
2026-03-31 09:15:02.880,20260331,91502880,000009.SZ,227921,2,0,9.93,200
2026-03-31 09:15:02.920,20260331,91502920,000009.SZ,228127,1,0,8.18,3000
2026-03-31 09:15:02.970,20260331,91502970,000009.SZ,228824,2,0,9.53,1000
2026-03-31 09:15:03.000,20260331,91503000,000009.SZ,229187,2,0,9.31,20000
2026-03-31 09:15:03.120,20260331,91503120,000009.SZ,231011,2,0,9.4,6000
2026-03-31 09:15:03.190,20260331,91503190,000009.SZ,232690,1,0,8.31,1200
2026-03-31 09:15:03.190,20260331,91503190,000009.SZ,232732,2,0,9.93,10800
2026-03-31 09:15:03.190,20260331,91503190,000009.SZ,232738,1,0,8.78,10000
2026-03-31 09:15:03.280,20260331,91503280,000009.SZ,234209,2,0,9.93,1400
2026-03-31 09:15:03.290,20260331,91503290,000009.SZ,234269,2,0,9.92,1000
2026-03-31 09:15:03.400,20260331,91503400,000009.SZ,235480,2,0,9.93,2600
2026-03-31 09:15:03.450,20260331,91503450,000009.SZ,236278,1,0,8.66,200
2026-03-31 09:15:03.460,20260331,91503460,000009.SZ,236407,1,0,8.58,1000
2026-03-31 09:15:03.460,20260331,91503460,000009.SZ,236503,1,0,8.5,1200
2026-03-31 09:15:03.470,20260331,91503470,000009.SZ,236684,2,0,9.39,2000
2026-03-31 09:15:03.490,20260331,91503490,000009.SZ,237164,1,0,8.4,1200
2026-03-31 09:15:03.490,20260331,91503490,000009.SZ,237167,1,0,8.13,3000
2026-03-31 09:15:03.490,20260331,91503490,000009.SZ,237168,1,0,8.68,800
2026-03-31 09:15:03.490,20260331,91503490,000009.SZ,237171,1,0,8.76,500
2026-03-31 09:15:03.510,20260331,91503510,000009.SZ,237583,2,0,9.93,1200
2026-03-31 09:15:03.520,20260331,91503520,000009.SZ,237681,1,0,8.6,1000
2026-03-31 09:15:03.590,20260331,91503590,000009.SZ,238188,1,0,8.6,100
2026-03-31 09:15:03.650,20260331,91503650,000009.SZ,238704,2,0,9.91,6000
2026-03-31 09:15:03.670,20260331,91503670,000009.SZ,239068,2,0,9.93,300
2026-03-31 09:15:03.830,20260331,91503830,000009.SZ,240603,2,0,9.22,100
2026-03-31 09:15:03.860,20260331,91503860,000009.SZ,240869,1,0,8.88,2000
2026-03-31 09:15:03.860,20260331,91503860,000009.SZ,240870,2,0,9.13,2000
2026-03-31 09:15:04.180,20260331,91504180,000009.SZ,243096,2,0,9.93,300
2026-03-31 09:15:04.210,20260331,91504210,000009.SZ,243499,2,0,9.29,100
2026-03-31 09:15:04.420,20260331,91504420,000009.SZ,245091,2,0,9.87,500
2026-03-31 09:15:04.450,20260331,91504450,000009.SZ,245512,2,0,9.52,1100
2026-03-31 09:15:04.480,20260331,91504480,000009.SZ,245916,2,0,9.9,200
2026-03-31 09:15:04.580,20260331,91504580,000009.SZ,246538,2,0,9.12,1000
2026-03-31 09:15:04.730,20260331,91504730,000009.SZ,247485,2,0,9.39,1400
2026-03-31 09:15:04.730,20260331,91504730,000009.SZ,247523,2,0,9.86,9000
2026-03-31 09:15:04.960,20260331,91504960,000009.SZ,247997,2,0,9.14,2000
2026-03-31 09:15:05.130,20260331,91505130,000009.SZ,248836,2,0,9.93,1400
2026-03-31 09:15:05.200,20260331,91505200,000009.SZ,249232,2,0,9.26,15000
2026-03-31 09:15:05.210,20260331,91505210,000009.SZ,249344,2,0,9.89,2200
2026-03-31 09:15:05.670,20260331,91505670,000009.SZ,250964,2,0,9.93,700
2026-03-31 09:15:05.720,20260331,91505720,000009.SZ,251216,2,0,9.93,3500
2026-03-31 09:15:08.260,20260331,91508260,000009.SZ,253699,1,0,8.68,300
2026-03-31 09:15:08.260,20260331,91508260,000009.SZ,253706,1,0,8.8,300
2026-03-31 09:15:11.580,20260331,91511580,000009.SZ,254278,2,0,9.36,500
2026-03-31 09:15:12.270,20260331,91512270,000009.SZ,254373,1,0,8.97,200
2026-03-31 09:15:12.460,20260331,91512460,000009.SZ,254405,2,0,9.11,200
2026-03-31 09:15:19.440,20260331,91519440,000009.SZ,255688,1,0,8.83,300
2026-03-31 09:15:20.570,20260331,91520570,000009.SZ,255911,2,0,9.3,300
2026-03-31 09:15:28.200,20260331,91528200,000009.SZ,257464,2,0,9.27,500
2026-03-31 09:15:28.330,20260331,91528330,000009.SZ,257504,1,0,8.92,100
2026-03-31 09:15:28.330,20260331,91528330,000009.SZ,257505,2,0,9.12,100
2026-03-31 09:15:30.550,20260331,91530550,000009.SZ,257964,2,0,9.45,5200
2026-03-31 09:15:32.420,20260331,91532420,000009.SZ,258366,2,0,9.93,2100
2026-03-31 09:15:37.530,20260331,91537530,000009.SZ,259624,1,0,8.5,100
2026-03-31 09:15:37.530,20260331,91537530,000009.SZ,259625,2,0,9.3,100
2026-03-31 09:15:40.040,20260331,91540040,000009.SZ,260203,2,0,8.13,200
2026-03-31 09:15:44.030,20260331,91544030,000009.SZ,261256,2,0,9.6,2100
2026-03-31 09:15:48.080,20260331,91548080,000009.SZ,262297,2,0,9.09,200
2026-03-31 09:15:48.080,20260331,91548080,000009.SZ,262298,1,0,8.8,200
2026-03-31 09:15:49.280,20260331,91549280,000009.SZ,262642,1,0,8.99,400
2026-03-31 09:15:49.280,20260331,91549280,000009.SZ,262643,2,0,9.21,400
2026-03-31 09:15:50.680,20260331,91550680,000009.SZ,263026,1,0,8.85,500
2026-03-31 09:15:51.480,20260331,91551480,000009.SZ,263266,2,0,9.18,500
2026-03-31 09:15:52.100,20260331,91552100,000009.SZ,263421,2,0,9.27,1000
2026-03-31 09:15:52.130,20260331,91552130,000009.SZ,263439,1,0,8.8,1000
2026-03-31 09:15:52.500,20260331,91552500,000009.SZ,263583,1,0,8.48,2000
2026-03-31 09:15:55.860,20260331,91555860,000009.SZ,264530,1,0,8.9,4900
2026-03-31 09:15:55.940,20260331,91555940,000009.SZ,264544,1,0,8.8,27000
2026-03-31 09:15:59.310,20260331,91559310,000009.SZ,265534,2,0,9.31,100
2026-03-31 09:16:04.510,20260331,91604510,000009.SZ,267261,2,0,9.05,100
2026-03-31 09:16:10.540,20260331,91610540,000009.SZ,269019,2,0,9.1,100
2026-03-31 09:16:16.680,20260331,91616680,000009.SZ,270730,2,0,9.15,100
2026-03-31 09:16:17.210,20260331,91617210,000009.SZ,270905,2,0,8.16,200
2026-03-31 09:16:18.180,20260331,91618180,000009.SZ,271191,1,0,8.8,24000
2026-03-31 09:16:18.560,20260331,91618560,000009.SZ,271291,1,0,8.5,1500
2026-03-31 09:16:20.020,20260331,91620020,000009.SZ,271690,2,0,9.92,7800
2026-03-31 09:16:22.660,20260331,91622660,000009.SZ,272396,2,0,9.2,100
2026-03-31 09:16:23.570,20260331,91623570,000009.SZ,272645,1,0,8.8,1200
2026-03-31 09:16:26.860,20260331,91626860,000009.SZ,273548,1,0,8.7,24200
2026-03-31 09:16:28.750,20260331,91628750,000009.SZ,274149,2,0,9.25,100
2026-03-31 09:16:31.170,20260331,91631170,000009.SZ,274829,2,0,9.47,2000
2026-03-31 09:16:31.470,20260331,91631470,000009.SZ,274932,2,0,9.38,1100
2026-03-31 09:16:34.840,20260331,91634840,000009.SZ,276034,1,0,8.96,100
2026-03-31 09:16:36.760,20260331,91636760,000009.SZ,276590,1,0,8.86,2000
2026-03-31 09:16:38.980,20260331,91638980,000009.SZ,277238,2,0,9.35,500
2026-03-31 09:16:40.890,20260331,91640890,000009.SZ,277802,1,0,8.92,100
2026-03-31 09:16:43.560,20260331,91643560,000009.SZ,278636,1,0,8.83,300
2026-03-31 09:16:43.570,20260331,91643570,000009.SZ,278642,2,0,9.93,300
2026-03-31 09:16:44.130,20260331,91644130,000009.SZ,278812,1,0,8.89,1200
2026-03-31 09:16:45.680,20260331,91645680,000009.SZ,279320,2,0,9.44,200
2026-03-31 09:16:47.570,20260331,91647570,000009.SZ,279867,1,0,8.88,100
2026-03-31 09:16:52.450,20260331,91652450,000009.SZ,281384,2,0,8.13,200
2026-03-31 09:16:53.440,20260331,91653440,000009.SZ,281692,2,0,9.24,5700
2026-03-31 09:16:57.670,20260331,91657670,000009.SZ,283023,2,0,9.12,1000
2026-03-31 09:16:58.390,20260331,91658390,000009.SZ,283273,2,0,9.33,200
2026-03-31 09:16:59.290,20260331,91659290,000009.SZ,283544,2,0,9.93,300
2026-03-31 09:16:59.700,20260331,91659700,000009.SZ,283662,2,0,9.3,100
2026-03-31 09:17:04.750,20260331,91704750,000009.SZ,285340,2,0,9.87,100
2026-03-31 09:17:05.240,20260331,91705240,000009.SZ,285508,2,0,9.0,1200
2026-03-31 09:17:09.440,20260331,91709440,000009.SZ,286892,2,0,9.16,700
2026-03-31 09:17:12.490,20260331,91712490,000009.SZ,287981,1,0,8.96,2500
2026-03-31 09:17:13.170,20260331,91713170,000009.SZ,288210,2,0,9.8,4000
2026-03-31 09:17:13.780,20260331,91713780,000009.SZ,288434,1,0,8.87,3000
2026-03-31 09:17:14.300,20260331,91714300,000009.SZ,288592,2,0,9.25,1000
2026-03-31 09:17:17.770,20260331,91717770,000009.SZ,289726,1,0,8.8,1000
2026-03-31 09:17:19.830,20260331,91719830,000009.SZ,290448,2,0,9.27,1000
2026-03-31 09:17:20.100,20260331,91720100,000009.SZ,290534,2,0,9.54,200
2026-03-31 09:17:21.170,20260331,91721170,000009.SZ,290897,2,0,9.68,5500
2026-03-31 09:17:32.730,20260331,91732730,000009.SZ,294751,1,0,8.92,1000
2026-03-31 09:17:33.350,20260331,91733350,000009.SZ,294974,2,0,9.36,1000
2026-03-31 09:17:35.810,20260331,91735810,000009.SZ,295825,2,0,9.93,17200
2026-03-31 09:17:38.190,20260331,91738190,000009.SZ,296628,1,0,8.91,2500
2026-03-31 09:17:47.940,20260331,91747940,000009.SZ,299854,2,0,9.9,100
2026-03-31 09:17:49.350,20260331,91749350,000009.SZ,300345,2,0,9.5,1000
2026-03-31 09:17:49.490,20260331,91749490,000009.SZ,300395,2,0,9.43,1000
2026-03-31 09:17:50.450,20260331,91750450,000009.SZ,300708,2,0,9.3,8800
2026-03-31 09:17:53.700,20260331,91753700,000009.SZ,301830,2,0,9.4,5000
2026-03-31 09:17:54.970,20260331,91754970,000009.SZ,302328,2,0,9.93,1500
2026-03-31 09:17:56.000,20260331,91756000,000009.SZ,302696,2,0,9.93,700
2026-03-31 09:18:00.490,20260331,91800490,000009.SZ,304264,2,0,9.27,2000
2026-03-31 09:18:01.070,20260331,91801070,000009.SZ,304486,2,0,9.48,1100
2026-03-31 09:18:06.450,20260331,91806450,000009.SZ,306467,1,0,8.6,20000
2026-03-31 09:18:07.720,20260331,91807720,000009.SZ,306908,2,0,8.13,256800
2026-03-31 09:18:09.120,20260331,91809120,000009.SZ,307446,2,0,9.93,300
2026-03-31 09:18:09.130,20260331,91809130,000009.SZ,307448,2,0,9.03,500
2026-03-31 09:18:13.720,20260331,91813720,000009.SZ,309122,2,0,9.93,1000
2026-03-31 09:18:14.300,20260331,91814300,000009.SZ,309325,2,0,9.93,7900
2026-03-31 09:18:14.650,20260331,91814650,000009.SZ,309446,2,0,9.62,1000
2026-03-31 09:18:15.680,20260331,91815680,000009.SZ,309813,2,0,9.1,600
2026-03-31 09:18:24.470,20260331,91824470,000009.SZ,313142,2,0,9.93,800
2026-03-31 09:18:29.450,20260331,91829450,000009.SZ,315023,2,0,9.2,1000
2026-03-31 09:18:30.030,20260331,91830030,000009.SZ,315238,1,0,8.92,2000
2026-03-31 09:18:30.320,20260331,91830320,000009.SZ,315356,2,0,9.2,600
2026-03-31 09:18:32.390,20260331,91832390,000009.SZ,316110,2,0,9.25,1000
2026-03-31 09:18:36.680,20260331,91836680,000009.SZ,317800,1,0,8.34,2000
2026-03-31 09:18:38.470,20260331,91838470,000009.SZ,318489,2,0,9.93,1000
2026-03-31 09:18:38.720,20260331,91838720,000009.SZ,318581,1,0,8.85,1000
2026-03-31 09:18:41.010,20260331,91841010,000009.SZ,319437,2,0,9.93,3600
2026-03-31 09:18:41.680,20260331,91841680,000009.SZ,319711,2,0,9.92,3000
2026-03-31 09:18:42.560,20260331,91842560,000009.SZ,320063,1,0,8.62,500
2026-03-31 09:18:43.160,20260331,91843160,000009.SZ,320277,2,0,9.92,3200
2026-03-31 09:18:45.420,20260331,91845420,000009.SZ,321158,2,0,9.84,2700
2026-03-31 09:18:46.180,20260331,91846180,000009.SZ,321451,1,0,8.93,1000
2026-03-31 09:18:47.170,20260331,91847170,000009.SZ,321841,2,0,9.03,800
2026-03-31 09:18:50.760,20260331,91850760,000009.SZ,323241,1,0,8.81,700
2026-03-31 09:18:50.790,20260331,91850790,000009.SZ,323255,2,0,9.89,1000
2026-03-31 09:18:50.950,20260331,91850950,000009.SZ,323332,2,0,9.77,2000
2026-03-31 09:18:56.590,20260331,91856590,000009.SZ,325614,2,0,9.7,1500
2026-03-31 09:18:59.080,20260331,91859080,000009.SZ,326607,1,0,8.81,100
2026-03-31 09:18:59.240,20260331,91859240,000009.SZ,326660,2,0,9.5,400
2026-03-31 09:18:59.960,20260331,91859960,000009.SZ,326948,2,0,9.65,1500
2026-03-31 09:19:00.830,20260331,91900830,000009.SZ,327284,1,0,8.81,4000
2026-03-31 09:19:02.030,20260331,91902030,000009.SZ,327775,1,0,8.8,300
2026-03-31 09:19:03.690,20260331,91903690,000009.SZ,328478,2,0,9.7,5000
2026-03-31 09:19:04.310,20260331,91904310,000009.SZ,328721,2,0,9.15,200
2026-03-31 09:19:04.550,20260331,91904550,000009.SZ,328806,2,0,9.59,1500
2026-03-31 09:19:05.050,20260331,91905050,000009.SZ,329012,1,0,8.81,2000
2026-03-31 09:19:05.860,20260331,91905860,000009.SZ,329358,2,0,9.25,300
2026-03-31 09:19:07.820,20260331,91907820,000009.SZ,330122,1,0,8.83,1200
2026-03-31 09:19:10.400,20260331,91910400,000009.SZ,331207,1,0,8.78,5000
2026-03-31 09:19:13.270,20260331,91913270,000009.SZ,332396,2,0,9.45,1700
2026-03-31 09:19:13.420,20260331,91913420,000009.SZ,332458,2,0,9.08,4700
2026-03-31 09:19:15.230,20260331,91915230,000009.SZ,333193,2,0,9.12,1000
2026-03-31 09:19:15.700,20260331,91915700,000009.SZ,333368,2,0,9.8,5000
2026-03-31 09:19:16.700,20260331,91916700,000009.SZ,333793,1,0,8.82,100
2026-03-31 09:19:17.300,20260331,91917300,000009.SZ,334052,1,0,8.78,500
2026-03-31 09:19:25.370,20260331,91925370,000009.SZ,337261,1,0,8.51,900
2026-03-31 09:19:26.050,20260331,91926050,000009.SZ,337537,2,0,9.5,700
2026-03-31 09:19:26.360,20260331,91926360,000009.SZ,337672,1,0,8.9,700
2026-03-31 09:19:28.120,20260331,91928120,000009.SZ,338422,2,0,9.49,800
2026-03-31 09:19:42.440,20260331,91942440,000009.SZ,344080,2,0,9.17,500
2026-03-31 09:19:46.360,20260331,91946360,000009.SZ,345636,2,0,9.93,3000
2026-03-31 09:19:49.650,20260331,91949650,000009.SZ,346931,2,0,9.14,3000
2026-03-31 09:19:51.950,20260331,91951950,000009.SZ,347828,1,0,8.8,4300
2026-03-31 09:19:52.630,20260331,91952630,000009.SZ,348118,2,0,9.19,1000
2026-03-31 09:19:54.560,20260331,91954560,000009.SZ,348882,2,0,9.5,2000
2026-03-31 09:19:55.870,20260331,91955870,000009.SZ,349416,1,0,8.78,10000
2026-03-31 09:19:58.620,20260331,91958620,000009.SZ,350477,2,0,9.93,2000
2026-03-31 09:20:00.200,20260331,92000200,000009.SZ,351105,2,0,8.58,100
2026-03-31 09:20:00.300,20260331,92000300,000009.SZ,351147,2,0,8.58,100
2026-03-31 09:20:00.380,20260331,92000380,000009.SZ,351178,2,0,9.09,17600
2026-03-31 09:20:02.280,20260331,92002280,000009.SZ,352181,1,0,8.89,800
2026-03-31 09:20:04.020,20260331,92004020,000009.SZ,353043,2,0,8.58,100
2026-03-31 09:20:04.210,20260331,92004210,000009.SZ,353152,2,0,9.93,400
2026-03-31 09:20:05.480,20260331,92005480,000009.SZ,353685,2,0,9.68,1000
2026-03-31 09:20:06.230,20260331,92006230,000009.SZ,354018,2,0,9.1,300
2026-03-31 09:20:07.300,20260331,92007300,000009.SZ,354439,1,0,8.9,4900
2026-03-31 09:20:09.320,20260331,92009320,000009.SZ,355057,2,0,9.19,2000
2026-03-31 09:20:10.550,20260331,92010550,000009.SZ,355533,1,0,8.93,1000
2026-03-31 09:20:24.510,20260331,92024510,000009.SZ,360210,1,0,8.95,500
2026-03-31 09:20:24.760,20260331,92024760,000009.SZ,360310,2,0,9.93,200
2026-03-31 09:20:35.750,20260331,92035750,000009.SZ,364108,2,0,9.9,1000
2026-03-31 09:20:37.300,20260331,92037300,000009.SZ,364680,2,0,9.71,2000
2026-03-31 09:20:38.280,20260331,92038280,000009.SZ,365003,1,0,8.85,600
2026-03-31 09:20:38.970,20260331,92038970,000009.SZ,365224,2,0,9.78,1000
2026-03-31 09:20:43.880,20260331,92043880,000009.SZ,366844,2,0,9.13,100
2026-03-31 09:20:45.730,20260331,92045730,000009.SZ,367519,2,0,9.93,5000
2026-03-31 09:20:46.560,20260331,92046560,000009.SZ,367801,1,0,8.6,600
2026-03-31 09:20:48.430,20260331,92048430,000009.SZ,368406,2,0,9.25,8000
2026-03-31 09:20:49.350,20260331,92049350,000009.SZ,368745,1,0,8.82,1000
2026-03-31 09:20:52.080,20260331,92052080,000009.SZ,369682,1,0,8.76,6000
2026-03-31 09:20:52.350,20260331,92052350,000009.SZ,369778,1,0,9.03,100
2026-03-31 09:20:54.740,20260331,92054740,000009.SZ,370778,1,0,8.84,5000
2026-03-31 09:20:56.810,20260331,92056810,000009.SZ,371507,2,0,9.03,600
2026-03-31 09:21:02.060,20260331,92102060,000009.SZ,374346,2,0,9.93,100
2026-03-31 09:21:03.010,20260331,92103010,000009.SZ,374778,1,0,8.83,200
2026-03-31 09:21:07.010,20260331,92107010,000009.SZ,376367,1,0,9.03,100
2026-03-31 09:21:07.190,20260331,92107190,000009.SZ,376435,1,0,8.7,5400
2026-03-31 09:21:09.580,20260331,92109580,000009.SZ,377327,2,0,9.86,3000
2026-03-31 09:21:15.020,20260331,92115020,000009.SZ,379317,1,0,8.75,500
2026-03-31 09:21:16.460,20260331,92116460,000009.SZ,379875,2,0,9.23,500
2026-03-31 09:21:16.500,20260331,92116500,000009.SZ,379892,1,0,8.85,100
2026-03-31 09:21:19.890,20260331,92119890,000009.SZ,381171,1,0,8.84,1000
2026-03-31 09:21:20.000,20260331,92120000,000009.SZ,381211,2,0,9.23,500
2026-03-31 09:21:23.070,20260331,92123070,000009.SZ,382393,1,0,9.57,500
2026-03-31 09:21:25.070,20260331,92125070,000009.SZ,383137,1,0,8.7,600
2026-03-31 09:21:26.110,20260331,92126110,000009.SZ,383534,2,0,9.63,2200
2026-03-31 09:21:26.350,20260331,92126350,000009.SZ,383614,1,0,8.81,30000
2026-03-31 09:21:27.870,20260331,92127870,000009.SZ,384207,1,0,8.85,300
2026-03-31 09:21:32.760,20260331,92132760,000009.SZ,386038,2,0,8.13,2000
2026-03-31 09:21:35.620,20260331,92135620,000009.SZ,387223,1,0,8.88,2000
2026-03-31 09:21:43.360,20260331,92143360,000009.SZ,390347,2,0,9.8,500
2026-03-31 09:21:51.770,20260331,92151770,000009.SZ,393699,2,0,9.5,6000
2026-03-31 09:21:57.440,20260331,92157440,000009.SZ,395961,2,0,9.1,400
2026-03-31 09:22:01.530,20260331,92201530,000009.SZ,397676,2,0,9.93,200
2026-03-31 09:22:02.700,20260331,92202700,000009.SZ,398153,2,0,9.18,500
2026-03-31 09:22:07.170,20260331,92207170,000009.SZ,400017,2,0,9.91,400
2026-03-31 09:22:08.370,20260331,92208370,000009.SZ,400524,2,0,9.1,2000
2026-03-31 09:22:17.100,20260331,92217100,000009.SZ,404256,2,0,9.06,200
2026-03-31 09:22:23.140,20260331,92223140,000009.SZ,406869,1,0,8.15,100
2026-03-31 09:22:23.190,20260331,92223190,000009.SZ,406889,2,0,9.2,500
2026-03-31 09:22:26.480,20260331,92226480,000009.SZ,408346,2,0,9.4,2000
2026-03-31 09:22:26.640,20260331,92226640,000009.SZ,408426,2,0,9.03,2400
2026-03-31 09:22:28.840,20260331,92228840,000009.SZ,409400,1,0,8.9,1000
2026-03-31 09:22:30.170,20260331,92230170,000009.SZ,409946,2,0,9.49,5000
2026-03-31 09:22:32.350,20260331,92232350,000009.SZ,411000,1,0,8.84,100
2026-03-31 09:22:33.620,20260331,92233620,000009.SZ,411522,1,0,8.81,20300
2026-03-31 09:22:34.410,20260331,92234410,000009.SZ,411921,2,0,9.92,8000
2026-03-31 09:22:35.140,20260331,92235140,000009.SZ,412212,2,0,9.93,4400
2026-03-31 09:22:36.100,20260331,92236100,000009.SZ,412669,1,0,8.41,100
2026-03-31 09:22:38.290,20260331,92238290,000009.SZ,413666,2,0,8.9,5300
2026-03-31 09:22:38.860,20260331,92238860,000009.SZ,413894,1,0,9.03,6000
2026-03-31 09:22:41.000,20260331,92241000,000009.SZ,414851,1,0,8.82,1000
2026-03-31 09:22:42.780,20260331,92242780,000009.SZ,415639,2,0,9.1,1800
2026-03-31 09:22:47.450,20260331,92247450,000009.SZ,417672,2,0,9.06,1000
2026-03-31 09:22:50.780,20260331,92250780,000009.SZ,419129,2,0,9.25,800
2026-03-31 09:22:54.910,20260331,92254910,000009.SZ,420983,2,0,9.93,100
2026-03-31 09:22:55.090,20260331,92255090,000009.SZ,421070,2,0,9.39,3500
2026-03-31 09:22:55.230,20260331,92255230,000009.SZ,421140,2,0,9.5,100
2026-03-31 09:22:56.330,20260331,92256330,000009.SZ,421635,2,0,9.65,1500
2026-03-31 09:22:57.920,20260331,92257920,000009.SZ,422349,2,0,9.26,1200
2026-03-31 09:22:58.000,20260331,92258000,000009.SZ,422387,2,0,9.11,500
2026-03-31 09:23:00.330,20260331,92300330,000009.SZ,423493,2,0,9.13,100
2026-03-31 09:23:01.510,20260331,92301510,000009.SZ,424073,1,0,8.6,200
2026-03-31 09:23:01.740,20260331,92301740,000009.SZ,424197,1,0,8.8,1000
2026-03-31 09:23:02.460,20260331,92302460,000009.SZ,424561,2,0,9.16,2900
2026-03-31 09:23:03.940,20260331,92303940,000009.SZ,425213,2,0,9.38,1000
2026-03-31 09:23:05.660,20260331,92305660,000009.SZ,426042,1,0,8.9,1000
2026-03-31 09:23:06.190,20260331,92306190,000009.SZ,426350,1,0,8.9,1000
2026-03-31 09:23:06.450,20260331,92306450,000009.SZ,426471,1,0,8.81,400
2026-03-31 09:23:07.260,20260331,92307260,000009.SZ,426877,1,0,9.03,3000
2026-03-31 09:23:10.410,20260331,92310410,000009.SZ,428423,2,0,9.31,1000
2026-03-31 09:23:11.510,20260331,92311510,000009.SZ,428941,1,0,8.5,400
2026-03-31 09:23:12.170,20260331,92312170,000009.SZ,429209,1,0,8.89,1600
2026-03-31 09:23:13.740,20260331,92313740,000009.SZ,430004,2,0,9.53,100
2026-03-31 09:23:13.970,20260331,92313970,000009.SZ,430125,2,0,9.2,1000
2026-03-31 09:23:15.760,20260331,92315760,000009.SZ,431009,1,0,8.7,500
2026-03-31 09:23:17.920,20260331,92317920,000009.SZ,432071,2,0,9.45,600
2026-03-31 09:23:20.890,20260331,92320890,000009.SZ,433604,2,0,9.5,2600
2026-03-31 09:23:21.110,20260331,92321110,000009.SZ,433722,1,0,8.6,1000
2026-03-31 09:23:24.910,20260331,92324910,000009.SZ,435672,2,0,9.93,200
2026-03-31 09:23:26.510,20260331,92326510,000009.SZ,436487,2,0,9.93,500
2026-03-31 09:23:26.780,20260331,92326780,000009.SZ,436629,2,0,9.08,1000
2026-03-31 09:23:30.740,20260331,92330740,000009.SZ,438781,2,0,9.15,2000
2026-03-31 09:23:32.370,20260331,92332370,000009.SZ,439627,1,0,8.5,200
2026-03-31 09:23:38.370,20260331,92338370,000009.SZ,442844,1,0,8.89,700
2026-03-31 09:23:40.470,20260331,92340470,000009.SZ,443965,2,0,9.15,1000
2026-03-31 09:23:40.630,20260331,92340630,000009.SZ,444038,2,0,9.15,500
2026-03-31 09:23:41.140,20260331,92341140,000009.SZ,444288,2,0,9.03,7200
2026-03-31 09:23:42.500,20260331,92342500,000009.SZ,444981,1,0,8.8,1000
2026-03-31 09:23:46.650,20260331,92346650,000009.SZ,447250,2,0,9.93,100000
2026-03-31 09:23:49.840,20260331,92349840,000009.SZ,449044,2,0,9.93,2000
2026-03-31 09:23:50.600,20260331,92350600,000009.SZ,449469,2,0,9.6,100
2026-03-31 09:23:52.020,20260331,92352020,000009.SZ,450259,2,0,9.71,500
2026-03-31 09:23:52.170,20260331,92352170,000009.SZ,450333,2,0,9.92,2400
2026-03-31 09:23:52.480,20260331,92352480,000009.SZ,450501,2,0,9.93,100000
2026-03-31 09:23:54.570,20260331,92354570,000009.SZ,451687,2,0,9.25,1000
2026-03-31 09:23:59.660,20260331,92359660,000009.SZ,454626,2,0,9.4,1000
2026-03-31 09:24:00.670,20260331,92400670,000009.SZ,455346,1,0,8.88,2400
2026-03-31 09:24:02.020,20260331,92402020,000009.SZ,456146,2,0,9.5,50000
2026-03-31 09:24:08.370,20260331,92408370,000009.SZ,460429,2,0,9.7,50000
2026-03-31 09:24:09.660,20260331,92409660,000009.SZ,461386,2,0,9.5,1000
2026-03-31 09:24:15.860,20260331,92415860,000009.SZ,466240,2,0,9.6,1000
2026-03-31 09:24:16.180,20260331,92416180,000009.SZ,466474,1,0,8.72,100
2026-03-31 09:24:16.260,20260331,92416260,000009.SZ,466531,1,0,8.84,300
2026-03-31 09:24:16.720,20260331,92416720,000009.SZ,466919,1,0,8.96,1500
2026-03-31 09:24:17.880,20260331,92417880,000009.SZ,467840,2,0,9.19,5800
2026-03-31 09:24:23.830,20260331,92423830,000009.SZ,472946,2,0,9.93,5500
2026-03-31 09:24:24.290,20260331,92424290,000009.SZ,473335,2,0,9.7,1000
2026-03-31 09:24:25.510,20260331,92425510,000009.SZ,474404,2,0,9.15,700
2026-03-31 09:24:25.530,20260331,92425530,000009.SZ,474417,2,0,9.15,400
2026-03-31 09:24:25.640,20260331,92425640,000009.SZ,474506,2,0,9.3,5000
2026-03-31 09:24:26.950,20260331,92426950,000009.SZ,475649,2,0,9.15,10000
2026-03-31 09:24:28.000,20260331,92428000,000009.SZ,476642,2,0,9.93,3400
2026-03-31 09:24:30.010,20260331,92430010,000009.SZ,478505,2,0,8.76,800
2026-03-31 09:24:31.200,20260331,92431200,000009.SZ,479694,2,0,9.8,1000
2026-03-31 09:24:31.890,20260331,92431890,000009.SZ,480312,2,0,9.9,200
2026-03-31 09:24:32.200,20260331,92432200,000009.SZ,480597,2,0,9.2,10000
2026-03-31 09:24:34.040,20260331,92434040,000009.SZ,482237,2,0,8.85,100
2026-03-31 09:24:34.910,20260331,92434910,000009.SZ,483055,2,0,9.41,800
2026-03-31 09:24:35.560,20260331,92435560,000009.SZ,483611,2,0,9.25,1000
2026-03-31 09:24:35.930,20260331,92435930,000009.SZ,483949,2,0,8.99,500
2026-03-31 09:24:36.620,20260331,92436620,000009.SZ,484543,2,0,9.3,1000
2026-03-31 09:24:36.750,20260331,92436750,000009.SZ,484655,2,0,9.86,1700
2026-03-31 09:24:37.540,20260331,92437540,000009.SZ,485333,2,0,9.3,10000
2026-03-31 09:24:39.240,20260331,92439240,000009.SZ,487123,2,0,9.0,100
2026-03-31 09:24:39.240,20260331,92439240,000009.SZ,487125,2,0,9.0,600
2026-03-31 09:24:39.260,20260331,92439260,000009.SZ,487157,2,0,9.0,100
2026-03-31 09:24:39.270,20260331,92439270,000009.SZ,487169,2,0,9.0,100
2026-03-31 09:24:39.790,20260331,92439790,000009.SZ,487735,1,0,9.05,100
2026-03-31 09:24:40.980,20260331,92440980,000009.SZ,488898,2,0,9.93,300
2026-03-31 09:24:42.110,20260331,92442110,000009.SZ,489915,1,0,8.75,1000
2026-03-31 09:24:43.820,20260331,92443820,000009.SZ,491605,2,0,9.4,10000
2026-03-31 09:24:44.130,20260331,92444130,000009.SZ,491909,2,0,9.6,2000
2026-03-31 09:24:45.850,20260331,92445850,000009.SZ,493579,2,0,9.03,1300
2026-03-31 09:24:49.590,20260331,92449590,000009.SZ,498050,2,0,9.5,10000
2026-03-31 09:24:49.900,20260331,92449900,000009.SZ,498552,2,0,8.99,1500
2026-03-31 09:24:51.670,20260331,92451670,000009.SZ,501558,2,0,8.85,300
2026-03-31 09:24:52.930,20260331,92452930,000009.SZ,503294,2,0,9.02,900
2026-03-31 09:24:54.070,20260331,92454070,000009.SZ,505081,1,0,9.12,2300
2026-03-31 09:24:54.160,20260331,92454160,000009.SZ,505221,2,0,9.02,100
2026-03-31 09:24:54.180,20260331,92454180,000009.SZ,505265,2,0,8.94,100
2026-03-31 09:24:54.200,20260331,92454200,000009.SZ,505297,2,0,8.94,100
2026-03-31 09:24:54.470,20260331,92454470,000009.SZ,505725,1,0,9.12,1800
2026-03-31 09:24:54.510,20260331,92454510,000009.SZ,505819,2,0,8.75,400
2026-03-31 09:24:54.960,20260331,92454960,000009.SZ,506496,2,0,9.01,1800
2026-03-31 09:24:56.030,20260331,92456030,000009.SZ,508688,2,0,8.94,7800
2026-03-31 09:24:56.570,20260331,92456570,000009.SZ,510126,2,0,9.6,10000
2026-03-31 09:24:56.710,20260331,92456710,000009.SZ,510459,1,0,9.04,2400
2026-03-31 09:24:56.710,20260331,92456710,000009.SZ,510464,2,0,9.02,6400
2026-03-31 09:24:58.600,20260331,92458600,000009.SZ,516568,2,0,9.0,5200
2026-03-31 09:24:58.900,20260331,92458900,000009.SZ,517544,2,0,8.99,28900
2026-03-31 09:24:58.960,20260331,92458960,000009.SZ,517751,2,0,8.14,6600
2026-03-31 09:24:59.130,20260331,92459130,000009.SZ,518448,1,0,9.93,600
2026-03-31 09:24:59.130,20260331,92459130,000009.SZ,518466,2,0,8.93,2200
2026-03-31 09:24:59.840,20260331,92459840,000009.SZ,522894,2,0,9.1,500
2026-03-31 09:24:59.940,20260331,92459940,000009.SZ,523776,2,0,8.98,1100
2026-03-31 09:30:00.030,20260331,93000030,000009.SZ,625651,1,0,9.0,500
2026-03-31 09:30:00.040,20260331,93000040,000009.SZ,627019,2,0,8.98,300
2026-03-31 09:30:00.040,20260331,93000040,000009.SZ,631950,2,0,9.1,17000
2026-03-31 09:30:00.050,20260331,93000050,000009.SZ,632723,1,0,8.82,500
2026-03-31 09:30:00.050,20260331,93000050,000009.SZ,634214,2,0,8.98,1100
2026-03-31 09:30:00.050,20260331,93000050,000009.SZ,637439,1,0,8.6,3000
2026-03-31 09:30:00.050,20260331,93000050,000009.SZ,639064,2,0,9.0,3000
2026-03-31 09:30:00.060,20260331,93000060,000009.SZ,640765,2,0,8.99,100
2026-03-31 09:30:00.060,20260331,93000060,000009.SZ,642289,2,0,9.5,3000
2026-03-31 09:30:00.060,20260331,93000060,000009.SZ,642505,1,0,9.0,200
2026-03-31 09:30:00.060,20260331,93000060,000009.SZ,642920,1,0,8.72,1000
2026-03-31 09:30:00.060,20260331,93000060,000009.SZ,643515,2,0,9.7,1000
2026-03-31 09:30:00.060,20260331,93000060,000009.SZ,643808,1,0,8.85,200
2026-03-31 09:30:00.060,20260331,93000060,000009.SZ,645089,2,0,9.9,1000
2026-03-31 09:30:00.060,20260331,93000060,000009.SZ,646096,1,0,8.86,100
2026-03-31 09:30:00.070,20260331,93000070,000009.SZ,647091,2,0,9.12,2800
2026-03-31 09:30:00.070,20260331,93000070,000009.SZ,649921,2,0,9.4,500
2026-03-31 09:30:00.080,20260331,93000080,000009.SZ,652403,2,0,8.98,400
2026-03-31 09:30:00.080,20260331,93000080,000009.SZ,654825,2,0,9.89,1000
2026-03-31 09:30:00.080,20260331,93000080,000009.SZ,655465,2,0,9.93,2000
2026-03-31 09:30:00.090,20260331,93000090,000009.SZ,665277,2,0,9.25,1000
2026-03-31 09:30:00.090,20260331,93000090,000009.SZ,665390,2,0,9.93,2000
2026-03-31 09:30:00.100,20260331,93000100,000009.SZ,667404,2,0,9.01,2400
2026-03-31 09:30:00.100,20260331,93000100,000009.SZ,667734,2,0,9.93,1500
2026-03-31 09:30:00.100,20260331,93000100,000009.SZ,667833,2,0,9.1,400
2026-03-31 09:30:00.100,20260331,93000100,000009.SZ,668313,1,0,8.89,1000
2026-03-31 09:30:00.100,20260331,93000100,000009.SZ,670676,1,0,8.95,5000
2026-03-31 09:30:00.110,20260331,93000110,000009.SZ,676126,1,0,9.01,2000
2026-03-31 09:30:00.110,20260331,93000110,000009.SZ,676483,1,0,8.89,2000
2026-03-31 09:30:00.120,20260331,93000120,000009.SZ,680839,2,0,9.3,200
2026-03-31 09:30:00.120,20260331,93000120,000009.SZ,681469,2,0,9.7,9500
2026-03-31 09:30:00.120,20260331,93000120,000009.SZ,681737,2,0,9.5,300
2026-03-31 09:30:00.120,20260331,93000120,000009.SZ,682080,2,0,9.9,600
2026-03-31 09:30:00.120,20260331,93000120,000009.SZ,682426,2,0,9.93,3000
2026-03-31 09:30:00.120,20260331,93000120,000009.SZ,682711,2,0,9.45,500
2026-03-31 09:30:00.120,20260331,93000120,000009.SZ,683350,2,0,9.77,1000
2026-03-31 09:30:00.120,20260331,93000120,000009.SZ,684529,2,0,9.9,1900
2026-03-31 09:30:00.120,20260331,93000120,000009.SZ,684709,2,0,9.0,1200
2026-03-31 09:30:00.130,20260331,93000130,000009.SZ,689431,2,0,9.0,600
2026-03-31 09:30:00.130,20260331,93000130,000009.SZ,691663,1,0,8.95,2000
2026-03-31 09:30:00.140,20260331,93000140,000009.SZ,693293,2,0,9.0,500
2026-03-31 09:30:00.140,20260331,93000140,000009.SZ,696058,2,0,9.08,800
2026-03-31 09:30:00.140,20260331,93000140,000009.SZ,696316,2,0,9.4,500
2026-03-31 09:30:00.140,20260331,93000140,000009.SZ,696578,2,0,9.11,3900
2026-03-31 09:30:00.150,20260331,93000150,000009.SZ,701925,1,0,8.95,1000
2026-03-31 09:30:00.160,20260331,93000160,000009.SZ,708494,1,0,8.85,1000
2026-03-31 09:30:00.160,20260331,93000160,000009.SZ,711159,1,0,8.92,400
2026-03-31 09:30:00.170,20260331,93000170,000009.SZ,711773,2,0,9.93,10000
2026-03-31 09:30:00.170,20260331,93000170,000009.SZ,712671,1,0,8.86,400
2026-03-31 09:30:00.180,20260331,93000180,000009.SZ,717206,2,0,9.1,1700
2026-03-31 09:30:00.180,20260331,93000180,000009.SZ,718127,1,0,8.75,4500
2026-03-31 09:30:00.180,20260331,93000180,000009.SZ,720132,1,0,8.95,600
2026-03-31 09:30:00.190,20260331,93000190,000009.SZ,723703,2,0,9.06,5000
2026-03-31 09:30:00.200,20260331,93000200,000009.SZ,727688,2,0,9.1,200
2026-03-31 09:30:00.200,20260331,93000200,000009.SZ,727968,2,0,9.1,4000
2026-03-31 09:30:00.200,20260331,93000200,000009.SZ,728670,1,0,8.4,500
2026-03-31 09:30:00.200,20260331,93000200,000009.SZ,730046,2,0,9.57,300
2026-03-31 09:30:00.200,20260331,93000200,000009.SZ,730332,1,0,8.82,3500
2026-03-31 09:30:00.210,20260331,93000210,000009.SZ,731962,2,0,9.18,500
2026-03-31 09:30:00.210,20260331,93000210,000009.SZ,732480,1,0,8.92,1500
2026-03-31 09:30:00.210,20260331,93000210,000009.SZ,733522,1,0,8.5,500
2026-03-31 09:30:00.230,20260331,93000230,000009.SZ,741147,1,0,8.85,2700
2026-03-31 09:30:00.230,20260331,93000230,000009.SZ,741316,2,0,9.15,2700
2026-03-31 09:30:00.230,20260331,93000230,000009.SZ,741418,1,0,8.86,1000
2026-03-31 09:30:00.230,20260331,93000230,000009.SZ,742889,2,0,9.15,2700
2026-03-31 09:30:00.240,20260331,93000240,000009.SZ,745931,2,0,9.93,500
2026-03-31 09:30:00.240,20260331,93000240,000009.SZ,746385,2,0,9.1,500
2026-03-31 09:30:00.250,20260331,93000250,000009.SZ,748403,2,0,9.93,700
2026-03-31 09:30:00.250,20260331,93000250,000009.SZ,749964,1,0,8.83,1000
2026-03-31 09:30:00.250,20260331,93000250,000009.SZ,750161,2,0,9.23,9400
2026-03-31 09:30:00.260,20260331,93000260,000009.SZ,751791,2,0,9.05,16200
2026-03-31 09:30:00.260,20260331,93000260,000009.SZ,752073,2,0,9.3,1000
2026-03-31 09:30:00.260,20260331,93000260,000009.SZ,752159,2,0,9.0,1800
2026-03-31 09:30:00.260,20260331,93000260,000009.SZ,752887,2,0,9.17,2700
2026-03-31 09:30:00.270,20260331,93000270,000009.SZ,756815,1,0,8.93,1800
2026-03-31 09:30:00.280,20260331,93000280,000009.SZ,759450,2,0,9.06,1200
2026-03-31 09:30:00.280,20260331,93000280,000009.SZ,760438,2,0,9.15,4000
2026-03-31 09:30:00.280,20260331,93000280,000009.SZ,762268,2,0,9.15,400
2026-03-31 09:30:00.290,20260331,93000290,000009.SZ,763182,2,0,9.07,1300
2026-03-31 09:30:00.290,20260331,93000290,000009.SZ,764512,2,0,9.18,2700
2026-03-31 09:30:00.290,20260331,93000290,000009.SZ,764803,2,0,9.19,2700
2026-03-31 09:30:00.290,20260331,93000290,000009.SZ,764999,2,0,9.2,2700
2026-03-31 09:30:00.300,20260331,93000300,000009.SZ,765505,1,0,8.81,2400
2026-03-31 09:30:00.300,20260331,93000300,000009.SZ,767646,2,0,9.0,300
2026-03-31 09:30:00.300,20260331,93000300,000009.SZ,768318,1,0,8.95,500
2026-03-31 09:30:00.310,20260331,93000310,000009.SZ,768832,1,0,8.81,5000
2026-03-31 09:30:00.320,20260331,93000320,000009.SZ,771566,2,0,9.1,1000
2026-03-31 09:30:00.330,20260331,93000330,000009.SZ,776366,1,0,8.97,300
2026-03-31 09:30:00.340,20260331,93000340,000009.SZ,777511,1,0,8.9,1000
2026-03-31 09:30:00.350,20260331,93000350,000009.SZ,781705,1,0,9.01,8900
2026-03-31 09:30:00.360,20260331,93000360,000009.SZ,782728,2,0,9.02,5000
2026-03-31 09:30:00.360,20260331,93000360,000009.SZ,783230,2,0,9.22,5000
2026-03-31 09:30:00.360,20260331,93000360,000009.SZ,783551,1,0,8.89,500
2026-03-31 09:30:00.370,20260331,93000370,000009.SZ,785279,2,0,9.2,200
2026-03-31 09:30:00.370,20260331,93000370,000009.SZ,785681,1,0,8.9,1000
2026-03-31 09:30:00.390,20260331,93000390,000009.SZ,788153,2,0,9.3,1500
2026-03-31 09:30:00.400,20260331,93000400,000009.SZ,791341,2,0,9.0,10000
2026-03-31 09:30:00.400,20260331,93000400,000009.SZ,791563,2,0,9.08,1200
2026-03-31 09:30:00.400,20260331,93000400,000009.SZ,791583,2,0,9.2,100
2026-03-31 09:30:00.410,20260331,93000410,000009.SZ,792768,2,0,9.49,400
2026-03-31 09:30:00.420,20260331,93000420,000009.SZ,794859,1,0,8.92,3000
2026-03-31 09:30:00.430,20260331,93000430,000009.SZ,796269,1,0,8.42,100
2026-03-31 09:30:00.430,20260331,93000430,000009.SZ,796299,1,0,8.67,100
2026-03-31 09:30:00.430,20260331,93000430,000009.SZ,796344,2,0,9.0,300
2026-03-31 09:30:00.430,20260331,93000430,000009.SZ,796350,1,0,8.73,100
2026-03-31 09:30:00.430,20260331,93000430,000009.SZ,796355,1,0,8.64,100
2026-03-31 09:30:00.430,20260331,93000430,000009.SZ,796356,1,0,8.58,100
2026-03-31 09:30:00.430,20260331,93000430,000009.SZ,796358,1,0,8.48,100
2026-03-31 09:30:00.430,20260331,93000430,000009.SZ,796382,1,0,8.78,100
2026-03-31 09:30:00.430,20260331,93000430,000009.SZ,796383,1,0,8.52,100
2026-03-31 09:30:00.430,20260331,93000430,000009.SZ,796385,1,0,8.5,100
2026-03-31 09:30:00.430,20260331,93000430,000009.SZ,796386,1,0,8.56,100
2026-03-31 09:30:00.430,20260331,93000430,000009.SZ,796396,1,0,8.75,100
2026-03-31 09:30:00.430,20260331,93000430,000009.SZ,796462,1,0,8.81,100
2026-03-31 09:30:00.430,20260331,93000430,000009.SZ,796468,1,0,8.83,100
2026-03-31 09:30:00.430,20260331,93000430,000009.SZ,796480,1,0,8.43,100
2026-03-31 09:30:00.430,20260331,93000430,000009.SZ,796483,1,0,8.38,100
2026-03-31 09:30:00.430,20260331,93000430,000009.SZ,796485,2,0,9.0,100
2026-03-31 09:30:00.430,20260331,93000430,000009.SZ,796492,1,0,8.59,100
2026-03-31 09:30:00.430,20260331,93000430,000009.SZ,796493,1,0,8.71,100
2026-03-31 09:30:00.430,20260331,93000430,000009.SZ,796633,2,0,9.0,100
2026-03-31 09:30:00.430,20260331,93000430,000009.SZ,796657,2,0,9.0,400
2026-03-31 09:30:00.430,20260331,93000430,000009.SZ,796720,1,0,8.53,100
2026-03-31 09:30:00.430,20260331,93000430,000009.SZ,796807,1,0,8.66,100
2026-03-31 09:30:00.430,20260331,93000430,000009.SZ,796854,1,0,8.79,100
2026-03-31 09:30:00.430,20260331,93000430,000009.SZ,797015,1,0,8.39,100
2026-03-31 09:30:00.430,20260331,93000430,000009.SZ,797313,1,0,8.62,100
2026-03-31 09:30:00.430,20260331,93000430,000009.SZ,798053,2,0,9.0,100
2026-03-31 09:30:00.440,20260331,93000440,000009.SZ,799037,2,0,9.02,3500
2026-03-31 09:30:00.440,20260331,93000440,000009.SZ,799293,1,0,9.01,10000
2026-03-31 09:30:00.440,20260331,93000440,000009.SZ,799833,2,0,9.12,5000
2026-03-31 09:30:00.450,20260331,93000450,000009.SZ,800826,2,0,9.09,1200
2026-03-31 09:30:00.450,20260331,93000450,000009.SZ,801811,1,0,8.92,4000
2026-03-31 09:30:00.450,20260331,93000450,000009.SZ,802450,2,0,9.0,300
2026-03-31 09:30:00.450,20260331,93000450,000009.SZ,802452,2,0,9.0,500
2026-03-31 09:30:00.450,20260331,93000450,000009.SZ,802613,2,0,9.0,700
2026-03-31 09:30:00.450,20260331,93000450,000009.SZ,802747,1,0,9.0,1500
2026-03-31 09:30:00.460,20260331,93000460,000009.SZ,803232,2,0,9.0,200
2026-03-31 09:30:00.460,20260331,93000460,000009.SZ,803592,2,0,9.0,100
2026-03-31 09:30:00.460,20260331,93000460,000009.SZ,803600,2,0,9.0,100
2026-03-31 09:30:00.460,20260331,93000460,000009.SZ,804992,2,0,9.52,900
2026-03-31 09:30:00.470,20260331,93000470,000009.SZ,805471,1,0,8.7,100
2026-03-31 09:30:00.470,20260331,93000470,000009.SZ,805945,2,0,9.86,4000
2026-03-31 09:30:00.470,20260331,93000470,000009.SZ,806210,2,0,9.8,500
2026-03-31 09:30:00.480,20260331,93000480,000009.SZ,808153,2,0,8.96,500
2026-03-31 09:30:00.480,20260331,93000480,000009.SZ,809516,2,0,9.14,300
2026-03-31 09:30:00.500,20260331,93000500,000009.SZ,812887,2,0,9.0,1000
2026-03-31 09:30:00.500,20260331,93000500,000009.SZ,813174,1,0,8.85,40000
2026-03-31 09:30:00.500,20260331,93000500,000009.SZ,813261,2,0,9.0,2400
2026-03-31 09:30:00.510,20260331,93000510,000009.SZ,814572,2,0,9.55,100
2026-03-31 09:30:00.510,20260331,93000510,000009.SZ,814734,2,0,9.25,500
2026-03-31 09:30:00.510,20260331,93000510,000009.SZ,815046,2,0,9.1,100
2026-03-31 09:30:00.520,20260331,93000520,000009.SZ,817047,2,0,9.02,100
2026-03-31 09:30:00.530,20260331,93000530,000009.SZ,818813,2,0,9.01,100
2026-03-31 09:30:00.530,20260331,93000530,000009.SZ,819012,1,0,9.0,100
2026-03-31 09:30:00.540,20260331,93000540,000009.SZ,820376,1,0,9.01,10000
2026-03-31 09:30:00.540,20260331,93000540,000009.SZ,821691,2,0,9.12,10000
2026-03-31 09:30:00.550,20260331,93000550,000009.SZ,822699,1,0,9.0,1100
2026-03-31 09:30:00.550,20260331,93000550,000009.SZ,822778,2,0,9.55,500
2026-03-31 09:30:00.550,20260331,93000550,000009.SZ,823447,2,0,9.2,500
2026-03-31 09:30:00.560,20260331,93000560,000009.SZ,823988,2,0,9.17,4700
2026-03-31 09:30:00.560,20260331,93000560,000009.SZ,824774,1,0,8.79,6900
2026-03-31 09:30:00.580,20260331,93000580,000009.SZ,827964,2,0,9.21,3100
2026-03-31 09:30:00.580,20260331,93000580,000009.SZ,828870,2,0,9.0,100
2026-03-31 09:30:00.580,20260331,93000580,000009.SZ,828881,1,0,8.81,500
2026-03-31 09:30:00.580,20260331,93000580,000009.SZ,829004,1,0,9.03,1000
2026-03-31 09:30:00.590,20260331,93000590,000009.SZ,831122,2,0,9.14,5000
2026-03-31 09:30:00.590,20260331,93000590,000009.SZ,831936,2,0,9.05,200
2026-03-31 09:30:00.600,20260331,93000600,000009.SZ,833128,1,0,8.9,1500
2026-03-31 09:30:00.600,20260331,93000600,000009.SZ,833979,2,0,9.93,2000
2026-03-31 09:30:00.600,20260331,93000600,000009.SZ,834186,1,0,8.84,1000
2026-03-31 09:30:00.600,20260331,93000600,000009.SZ,834426,2,0,9.21,200
2026-03-31 09:30:00.600,20260331,93000600,000009.SZ,834435,2,0,9.56,200
2026-03-31 09:30:00.600,20260331,93000600,000009.SZ,834498,2,0,9.93,300
2026-03-31 09:30:00.610,20260331,93000610,000009.SZ,836944,1,0,8.9,22000
2026-03-31 09:30:00.620,20260331,93000620,000009.SZ,837863,2,0,9.22,800
2026-03-31 09:30:00.620,20260331,93000620,000009.SZ,838448,1,0,9.01,600
2026-03-31 09:30:00.620,20260331,93000620,000009.SZ,838674,2,0,9.19,1000
2026-03-31 09:30:00.620,20260331,93000620,000009.SZ,838740,1,0,9.01,600
2026-03-31 09:30:00.620,20260331,93000620,000009.SZ,839639,2,0,9.92,3300
2026-03-31 09:30:00.630,20260331,93000630,000009.SZ,841054,2,0,9.0,3000
2026-03-31 09:30:00.630,20260331,93000630,000009.SZ,841089,2,0,9.5,100
2026-03-31 09:30:00.630,20260331,93000630,000009.SZ,841458,2,0,9.0,300
2026-03-31 09:30:00.640,20260331,93000640,000009.SZ,843546,1,0,8.9,1000
2026-03-31 09:30:00.650,20260331,93000650,000009.SZ,845315,2,0,9.93,700
2026-03-31 09:30:00.660,20260331,93000660,000009.SZ,845572,1,0,8.85,4800
2026-03-31 09:30:00.660,20260331,93000660,000009.SZ,845845,2,0,9.13,600
2026-03-31 09:30:00.670,20260331,93000670,000009.SZ,847309,1,0,8.84,10000
2026-03-31 09:30:00.670,20260331,93000670,000009.SZ,847975,1,0,8.87,4500
2026-03-31 09:30:00.700,20260331,93000700,000009.SZ,852796,1,0,8.88,1000
2026-03-31 09:30:00.700,20260331,93000700,000009.SZ,852937,2,0,9.92,400
2026-03-31 09:30:00.700,20260331,93000700,000009.SZ,853191,1,0,9.0,2000
2026-03-31 09:30:00.700,20260331,93000700,000009.SZ,853966,1,0,9.0,500
2026-03-31 09:30:00.720,20260331,93000720,000009.SZ,856226,2,0,9.15,800
2026-03-31 09:30:00.720,20260331,93000720,000009.SZ,857141,1,0,8.86,9000
2026-03-31 09:30:00.720,20260331,93000720,000009.SZ,857235,2,0,9.3,700
2026-03-31 09:30:00.720,20260331,93000720,000009.SZ,858040,2,0,8.86,300
2026-03-31 09:30:00.730,20260331,93000730,000009.SZ,858291,2,0,9.58,4000
2026-03-31 09:30:00.740,20260331,93000740,000009.SZ,861020,2,0,9.05,5500
2026-03-31 09:30:00.740,20260331,93000740,000009.SZ,861085,1,0,8.29,2500
2026-03-31 09:30:00.760,20260331,93000760,000009.SZ,864229,1,0,9.0,5000
2026-03-31 09:30:00.770,20260331,93000770,000009.SZ,866226,2,0,8.99,200
2026-03-31 09:30:00.790,20260331,93000790,000009.SZ,867772,1,0,8.51,2000
2026-03-31 09:30:00.800,20260331,93000800,000009.SZ,871527,1,0,8.8,1200
2026-03-31 09:30:00.810,20260331,93000810,000009.SZ,872431,2,0,9.42,19300
2026-03-31 09:30:00.810,20260331,93000810,000009.SZ,872508,2,0,9.44,19400
2026-03-31 09:30:00.810,20260331,93000810,000009.SZ,872537,2,0,9.46,19400
2026-03-31 09:30:00.810,20260331,93000810,000009.SZ,873140,2,0,8.99,400
2026-03-31 09:30:00.810,20260331,93000810,000009.SZ,873144,2,0,9.48,19400
2026-03-31 09:30:00.810,20260331,93000810,000009.SZ,873235,1,0,8.9,10000
2026-03-31 09:30:00.820,20260331,93000820,000009.SZ,873304,2,0,9.06,2100
2026-03-31 09:30:00.850,20260331,93000850,000009.SZ,877967,2,0,9.15,500
2026-03-31 09:30:00.850,20260331,93000850,000009.SZ,878012,2,0,9.93,500
2026-03-31 09:30:00.850,20260331,93000850,000009.SZ,878817,1,0,8.86,1100
2026-03-31 09:30:00.850,20260331,93000850,000009.SZ,878904,1,0,8.88,5000
2026-03-31 09:30:00.860,20260331,93000860,000009.SZ,879487,2,0,9.35,300
2026-03-31 09:30:00.860,20260331,93000860,000009.SZ,879617,2,0,9.0,200
2026-03-31 09:30:00.860,20260331,93000860,000009.SZ,879918,2,0,9.93,276100
2026-03-31 09:30:00.860,20260331,93000860,000009.SZ,880161,2,0,9.61,1000
2026-03-31 09:30:00.860,20260331,93000860,000009.SZ,880389,2,0,9.16,500
2026-03-31 09:30:00.880,20260331,93000880,000009.SZ,881759,2,0,9.53,1900
2026-03-31 09:30:00.880,20260331,93000880,000009.SZ,881891,2,0,9.93,14800
2026-03-31 09:30:00.890,20260331,93000890,000009.SZ,882677,2,0,9.92,600
2026-03-31 09:30:00.910,20260331,93000910,000009.SZ,885558,1,0,9.0,100
2026-03-31 09:30:00.930,20260331,93000930,000009.SZ,887984,1,0,8.92,1000
2026-03-31 09:30:00.930,20260331,93000930,000009.SZ,888526,2,0,8.99,700
2026-03-31 09:30:00.960,20260331,93000960,000009.SZ,891603,2,0,8.96,1800
2026-03-31 09:30:00.970,20260331,93000970,000009.SZ,893516,1,0,8.97,1500
2026-03-31 09:30:00.970,20260331,93000970,000009.SZ,893836,2,0,9.2,1200
2026-03-31 09:30:00.980,20260331,93000980,000009.SZ,894402,1,0,8.99,1600
2026-03-31 09:30:00.980,20260331,93000980,000009.SZ,895073,2,0,9.43,1000
2026-03-31 09:30:01.020,20260331,93001020,000009.SZ,899302,1,0,8.7,500
2026-03-31 09:30:01.050,20260331,93001050,000009.SZ,904549,2,0,9.18,6100
2026-03-31 09:30:01.050,20260331,93001050,000009.SZ,904623,1,0,8.8,1000
2026-03-31 09:30:01.080,20260331,93001080,000009.SZ,908219,2,0,9.4,300
2026-03-31 09:30:01.090,20260331,93001090,000009.SZ,909595,2,0,9.62,600
2026-03-31 09:30:01.110,20260331,93001110,000009.SZ,913005,1,0,8.8,1000
2026-03-31 09:30:01.210,20260331,93001210,000009.SZ,923682,1,0,8.9,1300
2026-03-31 09:30:01.220,20260331,93001220,000009.SZ,923842,2,0,9.5,50000
2026-03-31 09:30:01.250,20260331,93001250,000009.SZ,927344,1,0,8.81,2300
2026-03-31 09:30:01.270,20260331,93001270,000009.SZ,930181,2,0,9.75,300
2026-03-31 09:30:01.270,20260331,93001270,000009.SZ,930390,2,0,9.93,500
2026-03-31 09:30:01.270,20260331,93001270,000009.SZ,930622,2,0,9.1,1100
2026-03-31 09:30:01.310,20260331,93001310,000009.SZ,933931,1,0,8.84,500
2026-03-31 09:30:01.330,20260331,93001330,000009.SZ,935020,2,0,9.93,5600
2026-03-31 09:30:01.420,20260331,93001420,000009.SZ,942712,1,0,8.86,1000
2026-03-31 09:30:01.440,20260331,93001440,000009.SZ,944115,1,0,8.13,500
2026-03-31 09:30:01.440,20260331,93001440,000009.SZ,944261,2,0,9.08,1000
2026-03-31 09:30:01.470,20260331,93001470,000009.SZ,946748,2,0,9.0,1800
2026-03-31 09:30:01.500,20260331,93001500,000009.SZ,949189,2,0,9.1,500
2026-03-31 09:30:01.540,20260331,93001540,000009.SZ,952457,2,0,9.0,1200
2026-03-31 09:30:01.540,20260331,93001540,000009.SZ,952597,1,0,8.95,3000
2026-03-31 09:30:01.540,20260331,93001540,000009.SZ,952671,2,0,9.19,1000
2026-03-31 09:30:01.570,20260331,93001570,000009.SZ,955540,2,0,9.25,500
2026-03-31 09:30:01.580,20260331,93001580,000009.SZ,956534,1,0,8.4,500
2026-03-31 09:30:01.580,20260331,93001580,000009.SZ,956615,1,0,8.5,100
2026-03-31 09:30:01.580,20260331,93001580,000009.SZ,956822,1,0,9.0,400
2026-03-31 09:30:01.580,20260331,93001580,000009.SZ,957025,1,0,8.98,400
2026-03-31 09:30:01.580,20260331,93001580,000009.SZ,957389,2,0,9.11,500
2026-03-31 09:30:01.580,20260331,93001580,000009.SZ,957554,2,0,9.0,2200
2026-03-31 09:30:01.590,20260331,93001590,000009.SZ,958975,2,0,9.08,1000
2026-03-31 09:30:01.600,20260331,93001600,000009.SZ,959164,2,0,8.99,600
2026-03-31 09:30:01.600,20260331,93001600,000009.SZ,960532,2,0,9.18,1000
2026-03-31 09:30:01.620,20260331,93001620,000009.SZ,962431,2,0,9.88,1000
2026-03-31 09:30:01.630,20260331,93001630,000009.SZ,963295,1,0,9.0,600
2026-03-31 09:30:01.640,20260331,93001640,000009.SZ,963970,2,0,9.93,700
2026-03-31 09:30:01.650,20260331,93001650,000009.SZ,965226,2,0,9.0,1100
2026-03-31 09:30:01.660,20260331,93001660,000009.SZ,965776,1,0,8.85,3000
2026-03-31 09:30:01.680,20260331,93001680,000009.SZ,967066,2,0,9.1,100
2026-03-31 09:30:01.680,20260331,93001680,000009.SZ,967617,2,0,9.0,200
2026-03-31 09:30:01.680,20260331,93001680,000009.SZ,967787,2,0,9.25,100
2026-03-31 09:30:01.690,20260331,93001690,000009.SZ,967993,1,0,8.7,100
2026-03-31 09:30:01.770,20260331,93001770,000009.SZ,975428,2,0,9.25,500
2026-03-31 09:30:01.820,20260331,93001820,000009.SZ,977970,2,0,9.36,500
2026-03-31 09:30:01.830,20260331,93001830,000009.SZ,979389,2,0,9.5,300
2026-03-31 09:30:01.830,20260331,93001830,000009.SZ,979669,2,0,9.55,200
2026-03-31 09:30:01.840,20260331,93001840,000009.SZ,980023,2,0,9.0,200
2026-03-31 09:30:01.860,20260331,93001860,000009.SZ,982321,2,0,9.17,4000
2026-03-31 09:30:01.860,20260331,93001860,000009.SZ,982565,1,0,9.06,100
2026-03-31 09:30:01.870,20260331,93001870,000009.SZ,983508,2,0,9.16,3100
2026-03-31 09:30:01.890,20260331,93001890,000009.SZ,984598,1,0,8.83,5000
2026-03-31 09:30:01.900,20260331,93001900,000009.SZ,985931,2,0,9.17,3000
2026-03-31 09:30:01.930,20260331,93001930,000009.SZ,989012,2,0,9.93,300
2026-03-31 09:30:01.980,20260331,93001980,000009.SZ,992509,1,0,8.78,2000
2026-03-31 09:30:02.000,20260331,93002000,000009.SZ,994762,2,0,9.08,1100
2026-03-31 09:30:02.010,20260331,93002010,000009.SZ,995160,2,0,9.9,500
2026-03-31 09:30:02.010,20260331,93002010,000009.SZ,995619,1,0,9.0,300
2026-03-31 09:30:02.030,20260331,93002030,000009.SZ,997975,2,0,9.08,500
2026-03-31 09:30:02.030,20260331,93002030,000009.SZ,998372,2,0,9.93,3000
2026-03-31 09:30:02.030,20260331,93002030,000009.SZ,998497,2,0,9.04,4000
2026-03-31 09:30:02.040,20260331,93002040,000009.SZ,999570,2,0,9.0,200
2026-03-31 09:30:02.040,20260331,93002040,000009.SZ,999644,2,0,9.12,1200
2026-03-31 09:30:02.050,20260331,93002050,000009.SZ,1000079,2,0,9.35,1000
2026-03-31 09:30:02.060,20260331,93002060,000009.SZ,1001457,1,0,8.62,1400
2026-03-31 09:30:02.070,20260331,93002070,000009.SZ,1002870,1,0,8.8,20000
2026-03-31 09:30:02.080,20260331,93002080,000009.SZ,1004002,1,0,8.7,20000
2026-03-31 09:30:02.090,20260331,93002090,000009.SZ,1005188,2,0,9.08,1000
2026-03-31 09:30:02.100,20260331,93002100,000009.SZ,1006788,2,0,9.6,1300
2026-03-31 09:30:02.130,20260331,93002130,000009.SZ,1008965,1,0,8.85,500
2026-03-31 09:30:02.130,20260331,93002130,000009.SZ,1010041,1,0,8.82,200
2026-03-31 09:30:02.140,20260331,93002140,000009.SZ,1010404,1,0,8.6,20000
2026-03-31 09:30:02.160,20260331,93002160,000009.SZ,1012204,1,0,8.85,5000
2026-03-31 09:30:02.170,20260331,93002170,000009.SZ,1013009,2,0,9.0,700
2026-03-31 09:30:02.190,20260331,93002190,000009.SZ,1014661,2,0,9.0,500
2026-03-31 09:30:02.200,20260331,93002200,000009.SZ,1014860,1,0,8.9,600
2026-03-31 09:30:02.210,20260331,93002210,000009.SZ,1015556,2,0,9.0,1100
2026-03-31 09:30:02.210,20260331,93002210,000009.SZ,1015747,2,0,9.0,400
2026-03-31 09:30:02.230,20260331,93002230,000009.SZ,1016603,1,0,9.01,3000
2026-03-31 09:30:02.230,20260331,93002230,000009.SZ,1017296,1,0,8.88,500
2026-03-31 09:30:02.240,20260331,93002240,000009.SZ,1017620,1,0,8.5,50000
2026-03-31 09:30:02.240,20260331,93002240,000009.SZ,1018183,2,0,9.08,100
2026-03-31 09:30:02.260,20260331,93002260,000009.SZ,1018886,2,0,9.0,100
2026-03-31 09:30:02.300,20260331,93002300,000009.SZ,1022023,2,0,9.0,500
2026-03-31 09:30:02.300,20260331,93002300,000009.SZ,1022042,2,0,9.0,5000
2026-03-31 09:30:02.300,20260331,93002300,000009.SZ,1022073,2,0,9.0,1300
2026-03-31 09:30:02.300,20260331,93002300,000009.SZ,1022101,2,0,9.0,1700
2026-03-31 09:30:02.300,20260331,93002300,000009.SZ,1022168,1,0,8.5,80800
2026-03-31 09:30:02.310,20260331,93002310,000009.SZ,1022447,2,0,9.0,3300
2026-03-31 09:30:02.320,20260331,93002320,000009.SZ,1023216,1,0,9.1,1200
2026-03-31 09:30:02.370,20260331,93002370,000009.SZ,1026267,1,0,8.9,600
2026-03-31 09:30:02.490,20260331,93002490,000009.SZ,1032569,1,0,8.86,2000
2026-03-31 09:30:02.500,20260331,93002500,000009.SZ,1033195,2,0,9.9,800
2026-03-31 09:30:02.520,20260331,93002520,000009.SZ,1034088,2,0,9.0,400
2026-03-31 09:30:02.520,20260331,93002520,000009.SZ,1034411,2,0,9.03,1000
2026-03-31 09:30:02.570,20260331,93002570,000009.SZ,1037599,2,0,9.78,700
2026-03-31 09:30:02.580,20260331,93002580,000009.SZ,1038333,1,0,9.01,500
2026-03-31 09:30:02.590,20260331,93002590,000009.SZ,1039397,2,0,9.0,400
2026-03-31 09:30:02.590,20260331,93002590,000009.SZ,1039663,2,0,9.0,600
2026-03-31 09:30:02.630,20260331,93002630,000009.SZ,1042245,2,0,9.0,600
2026-03-31 09:30:02.630,20260331,93002630,000009.SZ,1042309,2,0,9.06,500
2026-03-31 09:30:02.640,20260331,93002640,000009.SZ,1043473,2,0,9.73,400
2026-03-31 09:30:02.710,20260331,93002710,000009.SZ,1047392,2,0,9.01,300
2026-03-31 09:30:02.730,20260331,93002730,000009.SZ,1048702,1,0,8.9,200
2026-03-31 09:30:02.730,20260331,93002730,000009.SZ,1049025,1,0,9.01,7000
2026-03-31 09:30:02.730,20260331,93002730,000009.SZ,1049060,1,0,8.95,1000
2026-03-31 09:30:02.740,20260331,93002740,000009.SZ,1049254,2,0,9.05,500
2026-03-31 09:30:02.750,20260331,93002750,000009.SZ,1050198,1,0,8.81,500
2026-03-31 09:30:02.750,20260331,93002750,000009.SZ,1050274,1,1,0.0,1800
2026-03-31 09:30:02.750,20260331,93002750,000009.SZ,1050458,2,0,9.4,500
2026-03-31 09:30:02.780,20260331,93002780,000009.SZ,1051819,2,0,9.0,13600
2026-03-31 09:30:02.800,20260331,93002800,000009.SZ,1052644,2,0,9.19,1900
2026-03-31 09:30:02.810,20260331,93002810,000009.SZ,1052831,1,0,9.01,100
2026-03-31 09:30:02.810,20260331,93002810,000009.SZ,1052991,2,0,9.93,1000
2026-03-31 09:30:02.820,20260331,93002820,000009.SZ,1053617,2,0,8.99,100
2026-03-31 09:30:02.820,20260331,93002820,000009.SZ,1053676,2,0,9.93,10000
2026-03-31 09:30:02.820,20260331,93002820,000009.SZ,1053871,2,0,8.99,100
2026-03-31 09:30:02.850,20260331,93002850,000009.SZ,1055604,2,0,9.18,1000
2026-03-31 09:30:02.850,20260331,93002850,000009.SZ,1055746,1,0,8.9,5700
2026-03-31 09:30:02.860,20260331,93002860,000009.SZ,1056589,2,0,9.01,100
2026-03-31 09:30:02.860,20260331,93002860,000009.SZ,1056724,1,0,8.85,1000
2026-03-31 09:30:02.870,20260331,93002870,000009.SZ,1056944,1,0,8.71,300
2026-03-31 09:30:02.880,20260331,93002880,000009.SZ,1057668,2,0,9.78,400
2026-03-31 09:30:02.880,20260331,93002880,000009.SZ,1058180,1,0,9.1,600
2026-03-31 09:30:02.960,20260331,93002960,000009.SZ,1064073,1,0,9.01,1100
2026-03-31 09:30:03.010,20260331,93003010,000009.SZ,1067133,1,0,9.0,100
2026-03-31 09:30:03.050,20260331,93003050,000009.SZ,1070254,2,0,9.0,10700
2026-03-31 09:30:03.100,20260331,93003100,000009.SZ,1073221,1,0,8.8,1000
2026-03-31 09:30:03.120,20260331,93003120,000009.SZ,1074885,1,0,9.01,200
2026-03-31 09:30:03.130,20260331,93003130,000009.SZ,1075476,1,0,8.84,2400
2026-03-31 09:30:03.140,20260331,93003140,000009.SZ,1076169,2,0,8.98,600
2026-03-31 09:30:03.150,20260331,93003150,000009.SZ,1076762,2,0,9.0,300
2026-03-31 09:30:03.150,20260331,93003150,000009.SZ,1076968,2,0,8.99,100
2026-03-31 09:30:03.150,20260331,93003150,000009.SZ,1076973,2,0,8.99,900
2026-03-31 09:30:03.160,20260331,93003160,000009.SZ,1076999,2,0,8.99,100
2026-03-31 09:30:03.160,20260331,93003160,000009.SZ,1077014,2,0,8.99,100
2026-03-31 09:30:03.160,20260331,93003160,000009.SZ,1077016,2,0,8.99,300
2026-03-31 09:30:03.160,20260331,93003160,000009.SZ,1077018,2,0,8.99,600
2026-03-31 09:30:03.160,20260331,93003160,000009.SZ,1077020,2,0,8.99,300
2026-03-31 09:30:03.160,20260331,93003160,000009.SZ,1077022,2,0,8.99,200
2026-03-31 09:30:03.160,20260331,93003160,000009.SZ,1077024,2,0,8.99,2400
2026-03-31 09:30:03.160,20260331,93003160,000009.SZ,1077034,2,0,8.99,100
2026-03-31 09:30:03.180,20260331,93003180,000009.SZ,1078142,2,0,8.99,100
2026-03-31 09:30:03.210,20260331,93003210,000009.SZ,1080247,2,0,9.16,500
2026-03-31 09:30:03.210,20260331,93003210,000009.SZ,1080495,1,0,8.99,400
2026-03-31 09:30:03.300,20260331,93003300,000009.SZ,1086236,1,0,8.65,300
2026-03-31 09:30:03.300,20260331,93003300,000009.SZ,1086295,1,0,8.9,10000
2026-03-31 09:30:03.310,20260331,93003310,000009.SZ,1086950,2,0,9.93,1600
2026-03-31 09:30:03.320,20260331,93003320,000009.SZ,1087649,2,0,9.3,800
2026-03-31 09:30:03.320,20260331,93003320,000009.SZ,1087652,2,0,8.99,4500
2026-03-31 09:30:03.340,20260331,93003340,000009.SZ,1088711,2,0,9.4,1000
2026-03-31 09:30:03.350,20260331,93003350,000009.SZ,1089044,2,0,9.0,600
2026-03-31 09:30:03.350,20260331,93003350,000009.SZ,1089056,2,0,9.0,600
2026-03-31 09:30:03.350,20260331,93003350,000009.SZ,1089080,1,0,8.86,1000
2026-03-31 09:30:03.350,20260331,93003350,000009.SZ,1089227,2,0,9.5,2000
2026-03-31 09:30:03.400,20260331,93003400,000009.SZ,1091080,1,0,9.0,2300
2026-03-31 09:30:03.400,20260331,93003400,000009.SZ,1091184,1,0,8.9,300
2026-03-31 09:30:03.490,20260331,93003490,000009.SZ,1095815,2,0,9.3,10000
2026-03-31 09:30:03.610,20260331,93003610,000009.SZ,1105584,2,0,9.0,600
2026-03-31 09:30:03.640,20260331,93003640,000009.SZ,1107841,2,0,9.0,300
2026-03-31 09:30:03.670,20260331,93003670,000009.SZ,1109312,2,0,9.93,500
2026-03-31 09:30:03.680,20260331,93003680,000009.SZ,1109450,2,0,8.99,1200
2026-03-31 09:30:03.770,20260331,93003770,000009.SZ,1113372,2,0,8.99,600
2026-03-31 09:30:03.880,20260331,93003880,000009.SZ,1118636,1,0,8.8,1600
2026-03-31 09:30:03.910,20260331,93003910,000009.SZ,1120128,2,0,9.93,1000
2026-03-31 09:30:03.920,20260331,93003920,000009.SZ,1121129,1,0,8.81,2000
2026-03-31 09:30:03.960,20260331,93003960,000009.SZ,1123270,1,0,8.91,15000
2026-03-31 09:30:04.040,20260331,93004040,000009.SZ,1126636,1,0,9.01,1000
2026-03-31 09:30:04.050,20260331,93004050,000009.SZ,1127219,1,0,8.8,500
2026-03-31 09:30:04.060,20260331,93004060,000009.SZ,1127828,2,0,9.2,6000
2026-03-31 09:30:04.080,20260331,93004080,000009.SZ,1128615,1,0,9.0,600
2026-03-31 09:30:04.130,20260331,93004130,000009.SZ,1130781,2,0,8.99,600
2026-03-31 09:30:04.140,20260331,93004140,000009.SZ,1131220,1,0,8.5,200
2026-03-31 09:30:04.150,20260331,93004150,000009.SZ,1132207,2,0,9.02,3200
2026-03-31 09:30:04.190,20260331,93004190,000009.SZ,1133568,1,0,9.01,500
2026-03-31 09:30:04.310,20260331,93004310,000009.SZ,1137803,1,0,8.85,1000
2026-03-31 09:30:04.320,20260331,93004320,000009.SZ,1138409,2,0,9.48,1500
2026-03-31 09:30:04.350,20260331,93004350,000009.SZ,1139260,2,0,9.15,800
2026-03-31 09:30:04.400,20260331,93004400,000009.SZ,1141750,1,0,9.0,8000
2026-03-31 09:30:04.430,20260331,93004430,000009.SZ,1142770,1,0,9.01,100
2026-03-31 09:30:04.570,20260331,93004570,000009.SZ,1147408,2,0,9.55,700
2026-03-31 09:30:04.790,20260331,93004790,000009.SZ,1156590,1,0,9.1,600
2026-03-31 09:30:04.960,20260331,93004960,000009.SZ,1163743,1,0,8.88,500
2026-03-31 09:30:04.960,20260331,93004960,000009.SZ,1163849,1,0,9.13,600
2026-03-31 09:30:05.030,20260331,93005030,000009.SZ,1166180,2,0,9.93,300
2026-03-31 09:30:05.060,20260331,93005060,000009.SZ,1167073,2,0,9.01,9900
2026-03-31 09:30:05.070,20260331,93005070,000009.SZ,1167662,1,0,9.0,600
2026-03-31 09:30:05.080,20260331,93005080,000009.SZ,1167771,1,0,9.0,500
2026-03-31 09:30:05.100,20260331,93005100,000009.SZ,1168347,2,0,9.0,100
2026-03-31 09:30:05.110,20260331,93005110,000009.SZ,1168579,1,0,8.2,400
2026-03-31 09:30:05.120,20260331,93005120,000009.SZ,1169034,1,0,9.01,300
2026-03-31 09:30:05.150,20260331,93005150,000009.SZ,1170270,1,0,8.3,200
2026-03-31 09:30:05.190,20260331,93005190,000009.SZ,1171850,1,0,8.83,1000
2026-03-31 09:30:05.240,20260331,93005240,000009.SZ,1172764,2,0,9.0,100
2026-03-31 09:30:05.550,20260331,93005550,000009.SZ,1179968,2,0,9.2,3000
2026-03-31 09:30:05.550,20260331,93005550,000009.SZ,1180136,1,0,9.09,600
2026-03-31 09:30:05.590,20260331,93005590,000009.SZ,1181086,1,0,8.88,2000
2026-03-31 09:30:05.620,20260331,93005620,000009.SZ,1181743,1,0,9.0,300
2026-03-31 09:30:05.620,20260331,93005620,000009.SZ,1181826,2,0,9.07,4000
2026-03-31 09:30:05.810,20260331,93005810,000009.SZ,1185077,2,0,9.0,100
2026-03-31 09:30:05.900,20260331,93005900,000009.SZ,1186803,2,0,9.28,400
2026-03-31 09:30:05.960,20260331,93005960,000009.SZ,1188812,1,0,8.88,1000
2026-03-31 09:30:06.030,20260331,93006030,000009.SZ,1190533,1,0,9.09,600
2026-03-31 09:30:06.060,20260331,93006060,000009.SZ,1191548,1,0,9.0,300
2026-03-31 09:30:06.130,20260331,93006130,000009.SZ,1193398,1,0,9.01,300
2026-03-31 09:30:06.140,20260331,93006140,000009.SZ,1193460,2,0,9.13,600
2026-03-31 09:30:06.150,20260331,93006150,000009.SZ,1194066,1,0,8.98,100
2026-03-31 09:30:06.160,20260331,93006160,000009.SZ,1194351,1,0,8.78,1300
2026-03-31 09:30:06.170,20260331,93006170,000009.SZ,1194748,1,0,8.98,100
2026-03-31 09:30:06.170,20260331,93006170,000009.SZ,1195634,1,0,8.98,1200
2026-03-31 09:30:06.230,20260331,93006230,000009.SZ,1197940,1,0,9.0,900
2026-03-31 09:30:06.240,20260331,93006240,000009.SZ,1198187,1,0,8.98,500
2026-03-31 09:30:06.250,20260331,93006250,000009.SZ,1198237,1,0,9.05,3100
2026-03-31 09:30:06.280,20260331,93006280,000009.SZ,1199128,2,0,9.1,400
2026-03-31 09:30:06.280,20260331,93006280,000009.SZ,1199239,1,0,8.88,400
2026-03-31 09:30:06.300,20260331,93006300,000009.SZ,1199925,1,0,8.85,5000
2026-03-31 09:30:06.300,20260331,93006300,000009.SZ,1199979,2,0,9.0,100
2026-03-31 09:30:06.350,20260331,93006350,000009.SZ,1202104,2,0,9.06,700
2026-03-31 09:30:06.410,20260331,93006410,000009.SZ,1203994,2,0,9.0,8500
2026-03-31 09:30:06.490,20260331,93006490,000009.SZ,1206656,1,0,9.02,2400
2026-03-31 09:30:06.690,20260331,93006690,000009.SZ,1215332,1,0,8.98,2800
2026-03-31 09:30:06.700,20260331,93006700,000009.SZ,1215628,2,0,9.23,400
2026-03-31 09:30:06.750,20260331,93006750,000009.SZ,1217728,1,0,8.98,400
2026-03-31 09:30:06.850,20260331,93006850,000009.SZ,1220908,1,0,9.01,2900
2026-03-31 09:30:07.090,20260331,93007090,000009.SZ,1228308,2,0,9.2,100
2026-03-31 09:30:07.100,20260331,93007100,000009.SZ,1228673,1,0,8.99,300
2026-03-31 09:30:07.150,20260331,93007150,000009.SZ,1230026,1,0,9.0,300
2026-03-31 09:30:07.180,20260331,93007180,000009.SZ,1231067,1,0,9.1,600
2026-03-31 09:30:07.240,20260331,93007240,000009.SZ,1233046,1,0,9.0,900
2026-03-31 09:30:07.290,20260331,93007290,000009.SZ,1234627,1,0,8.98,300
2026-03-31 09:30:07.660,20260331,93007660,000009.SZ,1247524,2,0,9.93,1000
2026-03-31 09:30:07.710,20260331,93007710,000009.SZ,1249684,2,0,9.93,500
2026-03-31 09:30:07.740,20260331,93007740,000009.SZ,1250476,1,0,9.09,600
2026-03-31 09:30:07.770,20260331,93007770,000009.SZ,1251110,2,0,9.31,1000
2026-03-31 09:30:07.820,20260331,93007820,000009.SZ,1251963,2,0,9.68,200
2026-03-31 09:30:07.860,20260331,93007860,000009.SZ,1252600,1,0,9.13,600
2026-03-31 09:30:07.940,20260331,93007940,000009.SZ,1253970,2,0,9.0,600
2026-03-31 09:30:07.970,20260331,93007970,000009.SZ,1254631,2,0,9.0,1000
2026-03-31 09:30:07.980,20260331,93007980,000009.SZ,1255001,2,0,9.08,2500
2026-03-31 09:30:08.080,20260331,93008080,000009.SZ,1257277,2,0,9.05,900
2026-03-31 09:30:08.190,20260331,93008190,000009.SZ,1259339,1,0,9.0,200
2026-03-31 09:30:08.220,20260331,93008220,000009.SZ,1259941,1,0,9.02,600
2026-03-31 09:30:08.240,20260331,93008240,000009.SZ,1260409,1,0,9.0,200
2026-03-31 09:30:08.260,20260331,93008260,000009.SZ,1260661,1,0,9.0,600
2026-03-31 09:30:08.630,20260331,93008630,000009.SZ,1266518,2,0,9.0,100
2026-03-31 09:30:08.650,20260331,93008650,000009.SZ,1266915,1,0,9.13,600
2026-03-31 09:30:08.690,20260331,93008690,000009.SZ,1267517,2,0,9.0,1700
2026-03-31 09:30:08.900,20260331,93008900,000009.SZ,1269856,1,0,8.88,800
2026-03-31 09:30:08.950,20260331,93008950,000009.SZ,1270529,1,0,9.0,300
2026-03-31 09:30:09.120,20260331,93009120,000009.SZ,1273608,1,0,8.99,100
2026-03-31 09:30:09.200,20260331,93009200,000009.SZ,1275356,1,0,8.99,100
2026-03-31 09:30:09.520,20260331,93009520,000009.SZ,1283839,1,0,9.13,600
2026-03-31 09:30:09.540,20260331,93009540,000009.SZ,1284747,2,0,9.01,500
2026-03-31 09:30:09.560,20260331,93009560,000009.SZ,1285113,1,0,9.14,1800
2026-03-31 09:30:09.600,20260331,93009600,000009.SZ,1286332,2,0,9.08,52000
2026-03-31 09:30:09.840,20260331,93009840,000009.SZ,1293325,2,0,8.99,900
2026-03-31 09:30:10.030,20260331,93010030,000009.SZ,1296089,2,0,8.99,500
2026-03-31 09:30:10.100,20260331,93010100,000009.SZ,1297552,2,0,8.99,100
2026-03-31 09:30:10.170,20260331,93010170,000009.SZ,1298759,1,0,8.99,2900
2026-03-31 09:30:10.220,20260331,93010220,000009.SZ,1299761,2,0,8.99,800
2026-03-31 09:30:10.370,20260331,93010370,000009.SZ,1304671,2,0,9.07,100
2026-03-31 09:30:10.460,20260331,93010460,000009.SZ,1306796,1,0,9.09,1200
2026-03-31 09:30:10.470,20260331,93010470,000009.SZ,1307246,2,0,9.0,200
2026-03-31 09:30:10.910,20260331,93010910,000009.SZ,1317432,2,0,9.0,900
2026-03-31 09:30:10.930,20260331,93010930,000009.SZ,1317697,2,0,9.0,900
2026-03-31 09:30:11.030,20260331,93011030,000009.SZ,1319360,2,0,9.0,200
2026-03-31 09:30:11.030,20260331,93011030,000009.SZ,1319400,2,0,9.0,1100
2026-03-31 09:30:11.040,20260331,93011040,000009.SZ,1319562,2,0,9.0,400
2026-03-31 09:30:11.090,20260331,93011090,000009.SZ,1320418,1,0,9.02,300
2026-03-31 09:30:11.240,20260331,93011240,000009.SZ,1322707,1,0,9.0,300
2026-03-31 09:30:11.570,20260331,93011570,000009.SZ,1327046,2,0,9.0,1100
2026-03-31 09:30:11.780,20260331,93011780,000009.SZ,1329857,2,0,8.97,400
2026-03-31 09:30:11.830,20260331,93011830,000009.SZ,1330444,1,0,9.0,300
2026-03-31 09:30:11.860,20260331,93011860,000009.SZ,1331082,1,0,9.09,600
2026-03-31 09:30:11.950,20260331,93011950,000009.SZ,1332075,1,0,9.0,100
2026-03-31 09:30:11.960,20260331,93011960,000009.SZ,1332314,1,0,9.0,100
2026-03-31 09:30:12.090,20260331,93012090,000009.SZ,1334259,1,0,9.02,300
2026-03-31 09:30:12.100,20260331,93012100,000009.SZ,1334425,1,0,8.99,2300
2026-03-31 09:30:12.190,20260331,93012190,000009.SZ,1336155,1,0,9.05,2900
2026-03-31 09:30:12.200,20260331,93012200,000009.SZ,1336336,1,0,8.99,900
2026-03-31 09:30:12.210,20260331,93012210,000009.SZ,1336736,1,0,9.0,300
2026-03-31 09:30:12.330,20260331,93012330,000009.SZ,1340737,1,0,9.0,2400
2026-03-31 09:30:12.360,20260331,93012360,000009.SZ,1341339,1,0,8.99,5000
2026-03-31 09:30:12.390,20260331,93012390,000009.SZ,1341927,1,0,9.13,600
2026-03-31 09:30:12.550,20260331,93012550,000009.SZ,1347695,1,0,9.09,600
2026-03-31 09:30:12.660,20260331,93012660,000009.SZ,1351409,1,0,9.01,6200
2026-03-31 09:30:13.150,20260331,93013150,000009.SZ,1361108,1,0,9.02,300
2026-03-31 09:30:13.370,20260331,93013370,000009.SZ,1366304,1,0,9.14,600
2026-03-31 09:30:13.570,20260331,93013570,000009.SZ,1372867,1,0,9.0,4200
2026-03-31 09:30:13.740,20260331,93013740,000009.SZ,1376723,1,0,9.09,600
2026-03-31 09:30:13.770,20260331,93013770,000009.SZ,1377608,2,0,8.97,400
