timestamp,date,stamp,code,order_no,bs_flag,order_type,order_price,order_volume
2026-03-12 09:15:00.040,20260312,91500040,000009.SZ,2309,2,0,10.22,10000
2026-03-12 09:15:00.040,20260312,91500040,000009.SZ,3419,2,0,9.7,100
2026-03-12 09:15:00.040,20260312,91500040,000009.SZ,3420,2,0,10.15,100
2026-03-12 09:15:00.050,20260312,91500050,000009.SZ,4790,1,0,9.0,500
2026-03-12 09:15:00.050,20260312,91500050,000009.SZ,5255,2,0,10.22,3000
2026-03-12 09:15:00.050,20260312,91500050,000009.SZ,5982,1,0,9.21,500
2026-03-12 09:15:00.050,20260312,91500050,000009.SZ,6935,2,0,9.56,13900
2026-03-12 09:15:00.050,20260312,91500050,000009.SZ,7085,2,0,9.29,100
2026-03-12 09:15:00.050,20260312,91500050,000009.SZ,7163,1,0,9.21,500
2026-03-12 09:15:00.050,20260312,91500050,000009.SZ,7167,1,0,9.19,500
2026-03-12 09:15:00.050,20260312,91500050,000009.SZ,7240,1,0,9.12,1500
2026-03-12 09:15:00.050,20260312,91500050,000009.SZ,7861,2,0,10.22,1000
2026-03-12 09:15:00.050,20260312,91500050,000009.SZ,7908,2,0,10.15,100
2026-03-12 09:15:00.050,20260312,91500050,000009.SZ,8115,2,0,9.49,1000
2026-03-12 09:15:00.050,20260312,91500050,000009.SZ,8716,2,0,10.05,100
2026-03-12 09:15:00.060,20260312,91500060,000009.SZ,9472,2,0,9.8,100
2026-03-12 09:15:00.060,20260312,91500060,000009.SZ,9473,2,0,10.2,100
2026-03-12 09:15:00.060,20260312,91500060,000009.SZ,9501,1,0,9.15,2000
2026-03-12 09:15:00.060,20260312,91500060,000009.SZ,10290,2,0,9.55,1700
2026-03-12 09:15:00.060,20260312,91500060,000009.SZ,10796,2,0,9.48,500
2026-03-12 09:15:00.060,20260312,91500060,000009.SZ,10930,2,0,9.54,1100
2026-03-12 09:15:00.060,20260312,91500060,000009.SZ,10984,2,0,9.6,1000
2026-03-12 09:15:00.060,20260312,91500060,000009.SZ,11050,1,0,9.21,2000
2026-03-12 09:15:00.060,20260312,91500060,000009.SZ,13783,2,0,9.99,600
2026-03-12 09:15:00.060,20260312,91500060,000009.SZ,14471,1,0,9.1,2000
2026-03-12 09:15:00.060,20260312,91500060,000009.SZ,14885,2,0,9.66,10000
2026-03-12 09:15:00.070,20260312,91500070,000009.SZ,15303,1,0,9.15,10000
2026-03-12 09:15:00.070,20260312,91500070,000009.SZ,15521,2,0,9.43,5100
2026-03-12 09:15:00.070,20260312,91500070,000009.SZ,16088,2,0,10.22,5000
2026-03-12 09:15:00.070,20260312,91500070,000009.SZ,16464,1,0,9.01,1800
2026-03-12 09:15:00.070,20260312,91500070,000009.SZ,16491,2,0,10.22,100
2026-03-12 09:15:00.070,20260312,91500070,000009.SZ,16572,2,0,10.1,12500
2026-03-12 09:15:00.070,20260312,91500070,000009.SZ,16622,2,0,10.15,100
2026-03-12 09:15:00.070,20260312,91500070,000009.SZ,16717,2,0,10.09,100
2026-03-12 09:15:00.070,20260312,91500070,000009.SZ,16794,2,0,9.99,100
2026-03-12 09:15:00.070,20260312,91500070,000009.SZ,16927,2,0,9.44,1000
2026-03-12 09:15:00.070,20260312,91500070,000009.SZ,16944,1,0,8.8,600
2026-03-12 09:15:00.070,20260312,91500070,000009.SZ,17035,2,0,10.19,2600
2026-03-12 09:15:00.070,20260312,91500070,000009.SZ,17140,2,0,10.2,2600
2026-03-12 09:15:00.070,20260312,91500070,000009.SZ,17234,2,0,10.2,1400
2026-03-12 09:15:00.070,20260312,91500070,000009.SZ,17287,2,0,9.61,1000
2026-03-12 09:15:00.070,20260312,91500070,000009.SZ,17657,2,0,10.21,5500
2026-03-12 09:15:00.070,20260312,91500070,000009.SZ,19063,2,0,10.21,10000
2026-03-12 09:15:00.070,20260312,91500070,000009.SZ,19346,2,0,9.66,7000
2026-03-12 09:15:00.080,20260312,91500080,000009.SZ,20697,1,0,9.25,300
2026-03-12 09:15:00.080,20260312,91500080,000009.SZ,20838,2,0,10.21,10000
2026-03-12 09:15:00.080,20260312,91500080,000009.SZ,20921,1,0,9.3,28200
2026-03-12 09:15:00.080,20260312,91500080,000009.SZ,21118,2,0,9.4,3800
2026-03-12 09:15:00.080,20260312,91500080,000009.SZ,22387,1,0,9.28,800
2026-03-12 09:15:00.080,20260312,91500080,000009.SZ,23084,2,0,9.48,1000
2026-03-12 09:15:00.080,20260312,91500080,000009.SZ,23085,2,0,9.6,1000
2026-03-12 09:15:00.080,20260312,91500080,000009.SZ,23088,2,0,9.78,1000
2026-03-12 09:15:00.080,20260312,91500080,000009.SZ,23734,2,0,10.22,200
2026-03-12 09:15:00.090,20260312,91500090,000009.SZ,24576,1,0,8.8,600
2026-03-12 09:15:00.090,20260312,91500090,000009.SZ,24812,2,0,10.22,300
2026-03-12 09:15:00.090,20260312,91500090,000009.SZ,25357,2,0,10.21,2000
2026-03-12 09:15:00.090,20260312,91500090,000009.SZ,25638,2,0,10.18,20900
2026-03-12 09:15:00.090,20260312,91500090,000009.SZ,25886,2,0,9.99,2000
2026-03-12 09:15:00.100,20260312,91500100,000009.SZ,28556,2,0,9.67,6400
2026-03-12 09:15:00.100,20260312,91500100,000009.SZ,29166,2,0,9.72,1000
2026-03-12 09:15:00.100,20260312,91500100,000009.SZ,31845,2,0,9.9,10000
2026-03-12 09:15:00.100,20260312,91500100,000009.SZ,31847,2,0,10.0,10000
2026-03-12 09:15:00.100,20260312,91500100,000009.SZ,31849,2,0,10.1,10000
2026-03-12 09:15:00.100,20260312,91500100,000009.SZ,31851,2,0,10.22,20000
2026-03-12 09:15:00.100,20260312,91500100,000009.SZ,31852,2,0,9.41,2900
2026-03-12 09:15:00.100,20260312,91500100,000009.SZ,31854,2,0,9.49,3000
2026-03-12 09:15:00.100,20260312,91500100,000009.SZ,32019,2,0,10.0,10000
2026-03-12 09:15:00.100,20260312,91500100,000009.SZ,32021,2,0,10.1,10000
2026-03-12 09:15:00.100,20260312,91500100,000009.SZ,32080,2,0,10.0,200
2026-03-12 09:15:00.110,20260312,91500110,000009.SZ,32365,1,0,9.14,1500
2026-03-12 09:15:00.110,20260312,91500110,000009.SZ,32912,2,0,10.01,300
2026-03-12 09:15:00.110,20260312,91500110,000009.SZ,34150,1,0,8.91,10000
2026-03-12 09:15:00.110,20260312,91500110,000009.SZ,35187,2,0,9.52,2000
2026-03-12 09:15:00.110,20260312,91500110,000009.SZ,35789,2,0,10.22,5000
2026-03-12 09:15:00.110,20260312,91500110,000009.SZ,35948,2,0,10.02,800
2026-03-12 09:15:00.110,20260312,91500110,000009.SZ,37103,1,0,8.36,2000
2026-03-12 09:15:00.120,20260312,91500120,000009.SZ,38165,2,0,10.21,1000
2026-03-12 09:15:00.120,20260312,91500120,000009.SZ,38889,1,0,9.3,200
2026-03-12 09:15:00.120,20260312,91500120,000009.SZ,39476,2,0,10.22,1000
2026-03-12 09:15:00.120,20260312,91500120,000009.SZ,40672,1,0,9.03,6300
2026-03-12 09:15:00.120,20260312,91500120,000009.SZ,40793,1,0,9.3,200
2026-03-12 09:15:00.120,20260312,91500120,000009.SZ,41081,2,0,9.75,300
2026-03-12 09:15:00.120,20260312,91500120,000009.SZ,41082,2,0,10.15,200
2026-03-12 09:15:00.120,20260312,91500120,000009.SZ,41723,2,0,9.58,3300
2026-03-12 09:15:00.120,20260312,91500120,000009.SZ,42525,2,0,10.21,100
2026-03-12 09:15:00.120,20260312,91500120,000009.SZ,42726,2,0,9.49,3500
2026-03-12 09:15:00.120,20260312,91500120,000009.SZ,42728,2,0,9.59,4000
2026-03-12 09:15:00.120,20260312,91500120,000009.SZ,42729,2,0,9.69,7000
2026-03-12 09:15:00.130,20260312,91500130,000009.SZ,42798,2,0,9.79,8000
2026-03-12 09:15:00.130,20260312,91500130,000009.SZ,42799,2,0,9.99,2000
2026-03-12 09:15:00.130,20260312,91500130,000009.SZ,42803,2,0,10.22,1000
2026-03-12 09:15:00.130,20260312,91500130,000009.SZ,42805,2,0,9.49,3900
2026-03-12 09:15:00.130,20260312,91500130,000009.SZ,42808,2,0,9.59,4000
2026-03-12 09:15:00.130,20260312,91500130,000009.SZ,42809,2,0,9.69,7000
2026-03-12 09:15:00.130,20260312,91500130,000009.SZ,42810,2,0,9.79,8000
2026-03-12 09:15:00.130,20260312,91500130,000009.SZ,42811,2,0,9.99,2000
2026-03-12 09:15:00.130,20260312,91500130,000009.SZ,42878,2,0,10.22,1000
2026-03-12 09:15:00.130,20260312,91500130,000009.SZ,42883,2,0,9.49,10000
2026-03-12 09:15:00.130,20260312,91500130,000009.SZ,42884,2,0,9.59,10000
2026-03-12 09:15:00.130,20260312,91500130,000009.SZ,42886,2,0,9.69,30000
2026-03-12 09:15:00.130,20260312,91500130,000009.SZ,42888,2,0,9.79,30000
2026-03-12 09:15:00.130,20260312,91500130,000009.SZ,42889,2,0,9.99,10000
2026-03-12 09:15:00.130,20260312,91500130,000009.SZ,42890,2,0,10.22,1000
2026-03-12 09:15:00.130,20260312,91500130,000009.SZ,42892,2,0,9.49,8000
2026-03-12 09:15:00.130,20260312,91500130,000009.SZ,42893,2,0,9.59,8000
2026-03-12 09:15:00.130,20260312,91500130,000009.SZ,42894,2,0,9.69,10000
2026-03-12 09:15:00.130,20260312,91500130,000009.SZ,42895,2,0,9.79,10000
2026-03-12 09:15:00.130,20260312,91500130,000009.SZ,42896,2,0,9.99,3000
2026-03-12 09:15:00.130,20260312,91500130,000009.SZ,42897,2,0,10.22,1000
2026-03-12 09:15:00.130,20260312,91500130,000009.SZ,42898,2,0,9.49,10000
2026-03-12 09:15:00.130,20260312,91500130,000009.SZ,42899,2,0,9.59,10000
2026-03-12 09:15:00.130,20260312,91500130,000009.SZ,42900,2,0,9.69,20000
2026-03-12 09:15:00.130,20260312,91500130,000009.SZ,42901,2,0,9.79,30000
2026-03-12 09:15:00.130,20260312,91500130,000009.SZ,42990,2,0,9.99,8000
2026-03-12 09:15:00.130,20260312,91500130,000009.SZ,42991,2,0,10.22,2000
2026-03-12 09:15:00.130,20260312,91500130,000009.SZ,42992,2,0,9.7,10000
2026-03-12 09:15:00.130,20260312,91500130,000009.SZ,42993,2,0,9.49,10000
2026-03-12 09:15:00.130,20260312,91500130,000009.SZ,42994,2,0,9.8,10000
2026-03-12 09:15:00.130,20260312,91500130,000009.SZ,42995,2,0,9.59,10000
2026-03-12 09:15:00.130,20260312,91500130,000009.SZ,43252,2,0,10.22,5000
2026-03-12 09:15:00.130,20260312,91500130,000009.SZ,44382,2,0,10.22,600
2026-03-12 09:15:00.130,20260312,91500130,000009.SZ,45132,2,0,9.8,5000
2026-03-12 09:15:00.130,20260312,91500130,000009.SZ,47260,2,0,9.57,500
2026-03-12 09:15:00.130,20260312,91500130,000009.SZ,47405,2,0,9.48,1000
2026-03-12 09:15:00.130,20260312,91500130,000009.SZ,47499,2,0,10.22,100
2026-03-12 09:15:00.140,20260312,91500140,000009.SZ,49863,2,0,9.55,300
2026-03-12 09:15:00.140,20260312,91500140,000009.SZ,49896,2,0,10.01,1000
2026-03-12 09:15:00.140,20260312,91500140,000009.SZ,51280,2,0,10.0,100
2026-03-12 09:15:00.140,20260312,91500140,000009.SZ,51876,2,0,9.3,1900
2026-03-12 09:15:00.140,20260312,91500140,000009.SZ,51899,2,0,9.48,2200
2026-03-12 09:15:00.140,20260312,91500140,000009.SZ,52761,2,0,10.0,700
2026-03-12 09:15:00.140,20260312,91500140,000009.SZ,52762,2,0,10.1,700
2026-03-12 09:15:00.140,20260312,91500140,000009.SZ,52763,2,0,10.2,700
2026-03-12 09:15:00.150,20260312,91500150,000009.SZ,53338,2,0,9.46,500
2026-03-12 09:15:00.150,20260312,91500150,000009.SZ,53365,1,0,9.11,10000
2026-03-12 09:15:00.150,20260312,91500150,000009.SZ,54981,2,0,9.94,1600
2026-03-12 09:15:00.150,20260312,91500150,000009.SZ,55224,2,0,9.29,100
2026-03-12 09:15:00.160,20260312,91500160,000009.SZ,56516,1,0,9.0,500
2026-03-12 09:15:00.160,20260312,91500160,000009.SZ,56854,2,0,9.65,500
2026-03-12 09:15:00.160,20260312,91500160,000009.SZ,57517,2,0,9.69,1200
2026-03-12 09:15:00.160,20260312,91500160,000009.SZ,57600,1,0,9.3,400
2026-03-12 09:15:00.160,20260312,91500160,000009.SZ,58416,1,0,8.65,1100
2026-03-12 09:15:00.160,20260312,91500160,000009.SZ,59036,2,0,10.22,2000
2026-03-12 09:15:00.160,20260312,91500160,000009.SZ,59617,2,0,10.2,400
2026-03-12 09:15:00.170,20260312,91500170,000009.SZ,60686,2,0,9.56,3000
2026-03-12 09:15:00.170,20260312,91500170,000009.SZ,62228,2,0,9.75,1000
2026-03-12 09:15:00.170,20260312,91500170,000009.SZ,62303,2,0,10.22,10000
2026-03-12 09:15:00.170,20260312,91500170,000009.SZ,62497,2,0,10.22,400
2026-03-12 09:15:00.180,20260312,91500180,000009.SZ,64836,2,0,10.2,100
2026-03-12 09:15:00.180,20260312,91500180,000009.SZ,64920,2,0,9.99,6000
2026-03-12 09:15:00.180,20260312,91500180,000009.SZ,64959,2,0,10.22,3000
2026-03-12 09:15:00.180,20260312,91500180,000009.SZ,65473,2,0,9.74,800
2026-03-12 09:15:00.180,20260312,91500180,000009.SZ,65927,1,0,9.3,200
2026-03-12 09:15:00.190,20260312,91500190,000009.SZ,67477,1,0,8.7,400
2026-03-12 09:15:00.190,20260312,91500190,000009.SZ,68443,2,0,9.8,300
2026-03-12 09:15:00.190,20260312,91500190,000009.SZ,68488,2,0,10.2,200
2026-03-12 09:15:00.190,20260312,91500190,000009.SZ,68489,1,0,8.6,500
2026-03-12 09:15:00.190,20260312,91500190,000009.SZ,69176,2,0,9.64,200
2026-03-12 09:15:00.190,20260312,91500190,000009.SZ,69546,1,0,9.01,200
2026-03-12 09:15:00.190,20260312,91500190,000009.SZ,69658,2,0,9.66,700
2026-03-12 09:15:00.190,20260312,91500190,000009.SZ,69675,2,0,10.21,1000
2026-03-12 09:15:00.190,20260312,91500190,000009.SZ,70459,2,0,9.33,500
2026-03-12 09:15:00.200,20260312,91500200,000009.SZ,70650,2,0,10.2,500
2026-03-12 09:15:00.200,20260312,91500200,000009.SZ,71045,1,0,9.05,1000
2026-03-12 09:15:00.200,20260312,91500200,000009.SZ,71337,2,0,10.22,500
2026-03-12 09:15:00.200,20260312,91500200,000009.SZ,71351,2,0,10.22,1000
2026-03-12 09:15:00.200,20260312,91500200,000009.SZ,71480,2,0,10.22,29100
2026-03-12 09:15:00.200,20260312,91500200,000009.SZ,71606,2,0,9.63,400
2026-03-12 09:15:00.200,20260312,91500200,000009.SZ,72024,1,0,8.92,2000
2026-03-12 09:15:00.200,20260312,91500200,000009.SZ,72141,1,0,8.8,400
2026-03-12 09:15:00.200,20260312,91500200,000009.SZ,72800,2,0,10.2,1000
2026-03-12 09:15:00.200,20260312,91500200,000009.SZ,72801,2,0,10.1,1000
2026-03-12 09:15:00.200,20260312,91500200,000009.SZ,73097,2,0,9.45,1000
2026-03-12 09:15:00.200,20260312,91500200,000009.SZ,73098,2,0,9.79,1000
2026-03-12 09:15:00.200,20260312,91500200,000009.SZ,73099,2,0,10.22,1000
2026-03-12 09:15:00.210,20260312,91500210,000009.SZ,73977,2,0,10.2,500
2026-03-12 09:15:00.210,20260312,91500210,000009.SZ,73978,1,0,9.03,500
2026-03-12 09:15:00.210,20260312,91500210,000009.SZ,74437,2,0,9.57,3000
2026-03-12 09:15:00.210,20260312,91500210,000009.SZ,74632,1,0,8.85,1400
2026-03-12 09:15:00.210,20260312,91500210,000009.SZ,75181,2,0,9.98,1500
2026-03-12 09:15:00.220,20260312,91500220,000009.SZ,77109,1,0,9.25,100
2026-03-12 09:15:00.220,20260312,91500220,000009.SZ,77947,2,0,9.45,200
2026-03-12 09:15:00.220,20260312,91500220,000009.SZ,77953,2,0,9.6,200
2026-03-12 09:15:00.220,20260312,91500220,000009.SZ,77961,2,0,9.76,200
2026-03-12 09:15:00.220,20260312,91500220,000009.SZ,78020,2,0,9.91,200
2026-03-12 09:15:00.220,20260312,91500220,000009.SZ,78162,2,0,10.07,200
2026-03-12 09:15:00.220,20260312,91500220,000009.SZ,78193,2,0,10.22,200
2026-03-12 09:15:00.220,20260312,91500220,000009.SZ,78198,1,0,9.19,400
2026-03-12 09:15:00.230,20260312,91500230,000009.SZ,78761,2,0,10.21,1600
2026-03-12 09:15:00.230,20260312,91500230,000009.SZ,79679,1,0,9.01,300
2026-03-12 09:15:00.230,20260312,91500230,000009.SZ,80734,2,0,10.18,600
2026-03-12 09:15:00.230,20260312,91500230,000009.SZ,80870,2,0,9.5,300
2026-03-12 09:15:00.230,20260312,91500230,000009.SZ,80966,2,0,10.2,300
2026-03-12 09:15:00.230,20260312,91500230,000009.SZ,81564,1,0,8.81,300
2026-03-12 09:15:00.240,20260312,91500240,000009.SZ,82292,2,0,9.55,1200
2026-03-12 09:15:00.240,20260312,91500240,000009.SZ,82295,1,0,9.2,600
2026-03-12 09:15:00.240,20260312,91500240,000009.SZ,82297,1,0,9.1,600
2026-03-12 09:15:00.240,20260312,91500240,000009.SZ,83575,1,0,9.28,300
2026-03-12 09:15:00.240,20260312,91500240,000009.SZ,83743,2,0,8.36,1200
2026-03-12 09:15:00.240,20260312,91500240,000009.SZ,83994,2,0,9.74,300
2026-03-12 09:15:00.250,20260312,91500250,000009.SZ,85649,2,0,9.8,500
2026-03-12 09:15:00.250,20260312,91500250,000009.SZ,85650,2,0,9.98,500
2026-03-12 09:15:00.250,20260312,91500250,000009.SZ,86015,1,0,9.0,500
2026-03-12 09:15:00.260,20260312,91500260,000009.SZ,86723,1,0,8.8,600
2026-03-12 09:15:00.260,20260312,91500260,000009.SZ,86724,1,0,8.52,600
2026-03-12 09:15:00.260,20260312,91500260,000009.SZ,87673,2,0,9.33,52300
2026-03-12 09:15:00.260,20260312,91500260,000009.SZ,87852,2,0,9.51,20000
2026-03-12 09:15:00.270,20260312,91500270,000009.SZ,88462,2,0,10.2,500
2026-03-12 09:15:00.270,20260312,91500270,000009.SZ,88756,2,0,10.21,400
2026-03-12 09:15:00.270,20260312,91500270,000009.SZ,89976,1,0,9.12,2000
2026-03-12 09:15:00.270,20260312,91500270,000009.SZ,90072,2,0,9.56,3000
2026-03-12 09:15:00.270,20260312,91500270,000009.SZ,90075,2,0,9.72,3000
2026-03-12 09:15:00.280,20260312,91500280,000009.SZ,90581,2,0,10.19,500
2026-03-12 09:15:00.280,20260312,91500280,000009.SZ,92028,1,0,9.0,800
2026-03-12 09:15:00.290,20260312,91500290,000009.SZ,92743,2,0,9.55,2000
2026-03-12 09:15:00.290,20260312,91500290,000009.SZ,92895,2,0,9.56,1000
2026-03-12 09:15:00.300,20260312,91500300,000009.SZ,95169,1,0,9.2,1000
2026-03-12 09:15:00.310,20260312,91500310,000009.SZ,96221,1,0,8.8,900
2026-03-12 09:15:00.310,20260312,91500310,000009.SZ,97152,1,0,8.36,800
2026-03-12 09:15:00.320,20260312,91500320,000009.SZ,97618,2,0,9.99,1200
2026-03-12 09:15:00.320,20260312,91500320,000009.SZ,98620,2,0,10.1,500
2026-03-12 09:15:00.330,20260312,91500330,000009.SZ,99119,2,0,9.44,1500
2026-03-12 09:15:00.330,20260312,91500330,000009.SZ,99120,2,0,9.55,1500
2026-03-12 09:15:00.330,20260312,91500330,000009.SZ,99154,2,0,9.99,2000
2026-03-12 09:15:00.330,20260312,91500330,000009.SZ,99251,1,0,9.0,2000
2026-03-12 09:15:00.330,20260312,91500330,000009.SZ,99402,1,0,9.1,2000
2026-03-12 09:15:00.330,20260312,91500330,000009.SZ,99410,2,0,10.22,2000
2026-03-12 09:15:00.330,20260312,91500330,000009.SZ,99554,2,0,10.22,2000
2026-03-12 09:15:00.330,20260312,91500330,000009.SZ,100332,2,0,9.48,600
2026-03-12 09:15:00.330,20260312,91500330,000009.SZ,100783,2,0,10.16,18800
2026-03-12 09:15:00.340,20260312,91500340,000009.SZ,100905,2,0,9.69,300
2026-03-12 09:15:00.340,20260312,91500340,000009.SZ,100906,2,0,9.99,300
2026-03-12 09:15:00.340,20260312,91500340,000009.SZ,101026,1,0,9.3,100
2026-03-12 09:15:00.340,20260312,91500340,000009.SZ,101197,1,0,9.16,1000
2026-03-12 09:15:00.340,20260312,91500340,000009.SZ,101299,1,0,9.15,1000
2026-03-12 09:15:00.340,20260312,91500340,000009.SZ,101712,2,0,9.49,2000
2026-03-12 09:15:00.340,20260312,91500340,000009.SZ,101824,2,0,10.22,2000
2026-03-12 09:15:00.340,20260312,91500340,000009.SZ,102590,1,0,9.3,100
2026-03-12 09:15:00.350,20260312,91500350,000009.SZ,103924,2,0,9.68,1200
2026-03-12 09:15:00.360,20260312,91500360,000009.SZ,104267,2,0,9.49,2200
2026-03-12 09:15:00.360,20260312,91500360,000009.SZ,104268,1,0,9.05,2300
2026-03-12 09:15:00.360,20260312,91500360,000009.SZ,104804,1,0,8.36,400
2026-03-12 09:15:00.360,20260312,91500360,000009.SZ,104829,2,0,10.22,200
2026-03-12 09:15:00.360,20260312,91500360,000009.SZ,104836,1,0,8.8,600
2026-03-12 09:15:00.360,20260312,91500360,000009.SZ,104847,1,0,8.52,600
2026-03-12 09:15:00.370,20260312,91500370,000009.SZ,105958,2,0,9.86,2000
2026-03-12 09:15:00.370,20260312,91500370,000009.SZ,106603,1,0,9.2,100
2026-03-12 09:15:00.380,20260312,91500380,000009.SZ,108037,2,0,9.59,3500
2026-03-12 09:15:00.380,20260312,91500380,000009.SZ,108339,2,0,9.65,1600
2026-03-12 09:15:00.400,20260312,91500400,000009.SZ,109882,2,0,9.54,100
2026-03-12 09:15:00.400,20260312,91500400,000009.SZ,110119,2,0,9.99,300
2026-03-12 09:15:00.400,20260312,91500400,000009.SZ,110187,1,0,9.18,500
2026-03-12 09:15:00.400,20260312,91500400,000009.SZ,110640,1,0,9.09,5000
2026-03-12 09:15:00.410,20260312,91500410,000009.SZ,111591,1,0,9.18,10000
2026-03-12 09:15:00.410,20260312,91500410,000009.SZ,111592,1,0,9.17,10000
2026-03-12 09:15:00.410,20260312,91500410,000009.SZ,111594,1,0,9.16,10000
2026-03-12 09:15:00.410,20260312,91500410,000009.SZ,111595,1,0,9.15,10000
2026-03-12 09:15:00.410,20260312,91500410,000009.SZ,111597,1,0,9.14,10000
2026-03-12 09:15:00.410,20260312,91500410,000009.SZ,111598,1,0,8.95,10000
2026-03-12 09:15:00.410,20260312,91500410,000009.SZ,111599,1,0,8.9,10900
2026-03-12 09:15:00.410,20260312,91500410,000009.SZ,111653,2,0,9.6,200
2026-03-12 09:15:00.420,20260312,91500420,000009.SZ,113135,1,0,9.0,400
2026-03-12 09:15:00.430,20260312,91500430,000009.SZ,113408,1,0,9.14,3100
2026-03-12 09:15:00.430,20260312,91500430,000009.SZ,113418,1,0,9.0,500
2026-03-12 09:15:00.430,20260312,91500430,000009.SZ,113419,2,0,9.61,500
2026-03-12 09:15:00.430,20260312,91500430,000009.SZ,113956,2,0,9.43,5800
2026-03-12 09:15:00.440,20260312,91500440,000009.SZ,114567,2,0,9.55,100
2026-03-12 09:15:00.440,20260312,91500440,000009.SZ,114666,2,0,10.1,200
2026-03-12 09:15:00.440,20260312,91500440,000009.SZ,114772,2,0,9.6,700
2026-03-12 09:15:00.440,20260312,91500440,000009.SZ,114937,1,0,9.0,2000
2026-03-12 09:15:00.440,20260312,91500440,000009.SZ,115196,2,0,10.21,500
2026-03-12 09:15:00.440,20260312,91500440,000009.SZ,115459,1,0,9.29,2800
2026-03-12 09:15:00.450,20260312,91500450,000009.SZ,115678,1,0,8.83,500
2026-03-12 09:15:00.450,20260312,91500450,000009.SZ,116448,2,0,9.1,2200
2026-03-12 09:15:00.450,20260312,91500450,000009.SZ,116833,2,0,9.58,500
2026-03-12 09:15:00.450,20260312,91500450,000009.SZ,117049,1,0,9.0,1000
2026-03-12 09:15:00.460,20260312,91500460,000009.SZ,118215,1,0,8.8,600
2026-03-12 09:15:00.470,20260312,91500470,000009.SZ,118641,2,0,10.21,200
2026-03-12 09:15:00.470,20260312,91500470,000009.SZ,118673,1,0,8.5,400
2026-03-12 09:15:00.470,20260312,91500470,000009.SZ,119275,2,0,10.22,1000
2026-03-12 09:15:00.480,20260312,91500480,000009.SZ,119613,1,0,9.02,800
2026-03-12 09:15:00.480,20260312,91500480,000009.SZ,119614,2,0,9.47,800
2026-03-12 09:15:00.480,20260312,91500480,000009.SZ,119752,2,0,10.05,400
2026-03-12 09:15:00.480,20260312,91500480,000009.SZ,119759,2,0,9.59,1000
2026-03-12 09:15:00.480,20260312,91500480,000009.SZ,119827,2,0,9.62,10000
2026-03-12 09:15:00.480,20260312,91500480,000009.SZ,120572,2,0,10.22,13000
2026-03-12 09:15:00.480,20260312,91500480,000009.SZ,120785,2,0,9.29,6400
2026-03-12 09:15:00.490,20260312,91500490,000009.SZ,121537,1,0,8.51,200
2026-03-12 09:15:00.500,20260312,91500500,000009.SZ,122832,1,0,9.15,800
2026-03-12 09:15:00.500,20260312,91500500,000009.SZ,122867,2,0,9.39,200
2026-03-12 09:15:00.500,20260312,91500500,000009.SZ,122868,1,0,9.13,300
2026-03-12 09:15:00.500,20260312,91500500,000009.SZ,122931,1,0,9.18,1000
2026-03-12 09:15:00.530,20260312,91500530,000009.SZ,127489,2,0,10.22,1500
2026-03-12 09:15:00.530,20260312,91500530,000009.SZ,127649,2,0,9.67,2000
2026-03-12 09:15:00.530,20260312,91500530,000009.SZ,127663,1,0,9.24,400
2026-03-12 09:15:00.530,20260312,91500530,000009.SZ,127664,1,0,9.2,400
2026-03-12 09:15:00.530,20260312,91500530,000009.SZ,127665,1,0,9.18,400
2026-03-12 09:15:00.530,20260312,91500530,000009.SZ,127775,2,0,10.2,300
2026-03-12 09:15:00.540,20260312,91500540,000009.SZ,128179,2,0,9.7,2800
2026-03-12 09:15:00.540,20260312,91500540,000009.SZ,128449,2,0,9.6,5000
2026-03-12 09:15:00.540,20260312,91500540,000009.SZ,128470,1,0,9.15,500
2026-03-12 09:15:00.540,20260312,91500540,000009.SZ,128481,2,0,9.75,2000
2026-03-12 09:15:00.540,20260312,91500540,000009.SZ,128499,2,0,9.9,2000
2026-03-12 09:15:00.540,20260312,91500540,000009.SZ,128649,2,0,9.59,1000
2026-03-12 09:15:00.540,20260312,91500540,000009.SZ,128651,2,0,9.79,1500
2026-03-12 09:15:00.540,20260312,91500540,000009.SZ,128668,2,0,9.59,1000
2026-03-12 09:15:00.540,20260312,91500540,000009.SZ,128669,2,0,9.79,1500
2026-03-12 09:15:00.540,20260312,91500540,000009.SZ,128745,1,0,8.77,1000
2026-03-12 09:15:00.540,20260312,91500540,000009.SZ,128821,2,0,9.68,5000
2026-03-12 09:15:00.550,20260312,91500550,000009.SZ,129196,2,0,9.61,1100
2026-03-12 09:15:00.550,20260312,91500550,000009.SZ,129979,2,0,10.22,5000
2026-03-12 09:15:00.550,20260312,91500550,000009.SZ,130000,2,0,9.8,1000
2026-03-12 09:15:00.560,20260312,91500560,000009.SZ,130637,2,0,10.02,300
2026-03-12 09:15:00.560,20260312,91500560,000009.SZ,131250,1,0,8.8,700
2026-03-12 09:15:00.560,20260312,91500560,000009.SZ,131564,2,0,10.22,10000
2026-03-12 09:15:00.570,20260312,91500570,000009.SZ,132658,2,0,10.18,1300
2026-03-12 09:15:00.580,20260312,91500580,000009.SZ,133693,2,0,9.45,2000
2026-03-12 09:15:00.580,20260312,91500580,000009.SZ,133740,2,0,10.05,100
2026-03-12 09:15:00.580,20260312,91500580,000009.SZ,133961,2,0,9.5,800
2026-03-12 09:15:00.580,20260312,91500580,000009.SZ,134359,1,0,9.0,3400
2026-03-12 09:15:00.590,20260312,91500590,000009.SZ,134673,2,0,10.19,106
2026-03-12 09:15:00.590,20260312,91500590,000009.SZ,134764,2,0,10.05,500
2026-03-12 09:15:00.590,20260312,91500590,000009.SZ,134765,2,0,9.75,500
2026-03-12 09:15:00.590,20260312,91500590,000009.SZ,135181,2,0,9.48,5000
2026-03-12 09:15:00.590,20260312,91500590,000009.SZ,135188,2,0,9.58,5000
2026-03-12 09:15:00.590,20260312,91500590,000009.SZ,135189,2,0,9.68,5000
2026-03-12 09:15:00.590,20260312,91500590,000009.SZ,135190,2,0,9.78,5000
2026-03-12 09:15:00.590,20260312,91500590,000009.SZ,135191,2,0,9.88,10000
2026-03-12 09:15:00.590,20260312,91500590,000009.SZ,135193,2,0,9.98,10000
2026-03-12 09:15:00.590,20260312,91500590,000009.SZ,135194,2,0,10.08,10000
2026-03-12 09:15:00.590,20260312,91500590,000009.SZ,135206,2,0,10.18,10000
2026-03-12 09:15:00.600,20260312,91500600,000009.SZ,136433,1,0,8.4,400
2026-03-12 09:15:00.600,20260312,91500600,000009.SZ,136770,2,0,9.41,4000
2026-03-12 09:15:00.610,20260312,91500610,000009.SZ,137561,2,0,10.15,500
2026-03-12 09:15:00.610,20260312,91500610,000009.SZ,137898,2,0,9.66,3000
2026-03-12 09:15:00.610,20260312,91500610,000009.SZ,137908,2,0,9.99,1500
2026-03-12 09:15:00.620,20260312,91500620,000009.SZ,138149,2,0,9.47,600
2026-03-12 09:15:00.620,20260312,91500620,000009.SZ,138150,2,0,9.97,700
2026-03-12 09:15:00.620,20260312,91500620,000009.SZ,138767,1,0,9.29,1600
2026-03-12 09:15:00.620,20260312,91500620,000009.SZ,138994,1,0,9.3,200
2026-03-12 09:15:00.630,20260312,91500630,000009.SZ,140103,2,0,9.3,3000
2026-03-12 09:15:00.640,20260312,91500640,000009.SZ,140222,1,0,9.13,500
2026-03-12 09:15:00.640,20260312,91500640,000009.SZ,140223,2,0,9.49,500
2026-03-12 09:15:00.640,20260312,91500640,000009.SZ,140523,2,0,9.33,10000
2026-03-12 09:15:00.650,20260312,91500650,000009.SZ,141233,2,0,9.29,300
2026-03-12 09:15:00.680,20260312,91500680,000009.SZ,143946,1,0,9.15,100
2026-03-12 09:15:00.680,20260312,91500680,000009.SZ,144060,2,0,9.43,500
2026-03-12 09:15:00.690,20260312,91500690,000009.SZ,144731,2,0,10.18,600
2026-03-12 09:15:00.690,20260312,91500690,000009.SZ,145435,1,0,9.15,300
2026-03-12 09:15:00.690,20260312,91500690,000009.SZ,145497,2,0,10.2,1000
2026-03-12 09:15:00.700,20260312,91500700,000009.SZ,145552,2,0,9.67,50000
2026-03-12 09:15:00.700,20260312,91500700,000009.SZ,145554,2,0,9.58,20000
2026-03-12 09:15:00.710,20260312,91500710,000009.SZ,146741,2,0,9.6,300
2026-03-12 09:15:00.710,20260312,91500710,000009.SZ,146742,2,0,10.1,500
2026-03-12 09:15:00.710,20260312,91500710,000009.SZ,147176,2,0,9.25,5400
2026-03-12 09:15:00.720,20260312,91500720,000009.SZ,148108,2,0,9.49,2000
2026-03-12 09:15:00.720,20260312,91500720,000009.SZ,148110,2,0,9.68,600
2026-03-12 09:15:00.730,20260312,91500730,000009.SZ,148720,2,0,9.65,1000
2026-03-12 09:15:00.730,20260312,91500730,000009.SZ,148723,1,0,9.0,1000
2026-03-12 09:15:00.730,20260312,91500730,000009.SZ,148856,2,0,10.1,16000
2026-03-12 09:15:00.740,20260312,91500740,000009.SZ,149967,2,0,9.86,300
2026-03-12 09:15:00.740,20260312,91500740,000009.SZ,150133,2,0,10.22,2000
2026-03-12 09:15:00.740,20260312,91500740,000009.SZ,150135,2,0,9.5,6000
2026-03-12 09:15:00.740,20260312,91500740,000009.SZ,150276,2,0,9.6,500
2026-03-12 09:15:00.740,20260312,91500740,000009.SZ,150299,2,0,9.45,200
2026-03-12 09:15:00.740,20260312,91500740,000009.SZ,150454,1,0,9.25,200
2026-03-12 09:15:00.750,20260312,91500750,000009.SZ,150856,1,0,8.9,900
2026-03-12 09:15:00.750,20260312,91500750,000009.SZ,151793,2,0,10.1,500
2026-03-12 09:15:00.760,20260312,91500760,000009.SZ,152045,2,0,10.1,1800
2026-03-12 09:15:00.760,20260312,91500760,000009.SZ,152586,2,0,9.59,2000
2026-03-12 09:15:00.770,20260312,91500770,000009.SZ,153326,2,0,9.9,3000
2026-03-12 09:15:00.770,20260312,91500770,000009.SZ,153675,2,0,10.22,1800
2026-03-12 09:15:00.770,20260312,91500770,000009.SZ,154019,2,0,9.5,2000
2026-03-12 09:15:00.770,20260312,91500770,000009.SZ,154022,2,0,9.75,2000
2026-03-12 09:15:00.780,20260312,91500780,000009.SZ,155151,2,0,9.6,400
2026-03-12 09:15:00.790,20260312,91500790,000009.SZ,155540,2,0,9.55,300
2026-03-12 09:15:00.790,20260312,91500790,000009.SZ,156023,1,0,9.25,500
2026-03-12 09:15:00.790,20260312,91500790,000009.SZ,156150,2,0,9.69,2000
2026-03-12 09:15:00.800,20260312,91500800,000009.SZ,156259,2,0,9.83,4000
2026-03-12 09:15:00.800,20260312,91500800,000009.SZ,156296,2,0,9.59,1800
2026-03-12 09:15:00.800,20260312,91500800,000009.SZ,156297,2,0,9.72,1700
2026-03-12 09:15:00.800,20260312,91500800,000009.SZ,156298,2,0,9.84,1700
2026-03-12 09:15:00.800,20260312,91500800,000009.SZ,156299,2,0,9.95,1400
2026-03-12 09:15:00.800,20260312,91500800,000009.SZ,156300,2,0,10.05,1700
2026-03-12 09:15:00.800,20260312,91500800,000009.SZ,156301,2,0,10.14,1700
2026-03-12 09:15:00.800,20260312,91500800,000009.SZ,156302,2,0,10.22,1700
2026-03-12 09:15:00.800,20260312,91500800,000009.SZ,156303,1,0,8.96,3000
2026-03-12 09:15:00.820,20260312,91500820,000009.SZ,157998,2,0,10.22,1000
2026-03-12 09:15:00.820,20260312,91500820,000009.SZ,158574,1,0,9.3,500
2026-03-12 09:15:00.820,20260312,91500820,000009.SZ,158760,1,0,8.8,100
2026-03-12 09:15:00.830,20260312,91500830,000009.SZ,159726,2,0,9.5,500
2026-03-12 09:15:00.840,20260312,91500840,000009.SZ,159793,1,0,9.1,500
2026-03-12 09:15:00.840,20260312,91500840,000009.SZ,160156,2,0,9.65,500
2026-03-12 09:15:00.850,20260312,91500850,000009.SZ,160710,2,0,10.22,700
2026-03-12 09:15:00.850,20260312,91500850,000009.SZ,160775,2,0,9.73,300
2026-03-12 09:15:00.850,20260312,91500850,000009.SZ,160912,1,0,9.15,25000
2026-03-12 09:15:00.870,20260312,91500870,000009.SZ,162552,1,0,9.15,2100
2026-03-12 09:15:00.870,20260312,91500870,000009.SZ,162560,2,0,10.22,10000
2026-03-12 09:15:00.870,20260312,91500870,000009.SZ,162939,2,0,9.57,100
2026-03-12 09:15:00.870,20260312,91500870,000009.SZ,162941,2,0,9.76,100
2026-03-12 09:15:00.870,20260312,91500870,000009.SZ,162942,2,0,9.9,100
2026-03-12 09:15:00.890,20260312,91500890,000009.SZ,163967,2,0,9.98,1000
2026-03-12 09:15:00.900,20260312,91500900,000009.SZ,165469,1,0,8.8,700
2026-03-12 09:15:00.900,20260312,91500900,000009.SZ,165520,2,0,10.1,100
2026-03-12 09:15:00.930,20260312,91500930,000009.SZ,167512,1,0,8.8,600
2026-03-12 09:15:00.940,20260312,91500940,000009.SZ,168369,2,0,9.68,3000
2026-03-12 09:15:00.970,20260312,91500970,000009.SZ,171047,2,0,9.68,20100
2026-03-12 09:15:00.970,20260312,91500970,000009.SZ,171103,2,0,10.2,300
2026-03-12 09:15:00.970,20260312,91500970,000009.SZ,171105,2,0,10.0,300
2026-03-12 09:15:00.970,20260312,91500970,000009.SZ,171111,2,0,9.8,300
2026-03-12 09:15:00.970,20260312,91500970,000009.SZ,171721,1,0,8.7,300
2026-03-12 09:15:01.000,20260312,91501000,000009.SZ,173585,2,0,9.79,300
2026-03-12 09:15:01.020,20260312,91501020,000009.SZ,175085,2,0,9.56,3000
2026-03-12 09:15:01.030,20260312,91501030,000009.SZ,176564,2,0,9.58,4500
2026-03-12 09:15:01.030,20260312,91501030,000009.SZ,176605,2,0,10.19,200
2026-03-12 09:15:01.030,20260312,91501030,000009.SZ,176696,2,0,9.37,200
2026-03-12 09:15:01.080,20260312,91501080,000009.SZ,181044,2,0,9.86,500
2026-03-12 09:15:01.080,20260312,91501080,000009.SZ,181225,1,0,9.01,300
2026-03-12 09:15:01.090,20260312,91501090,000009.SZ,182812,2,0,9.39,200
2026-03-12 09:15:01.090,20260312,91501090,000009.SZ,182813,2,0,9.59,200
2026-03-12 09:15:01.090,20260312,91501090,000009.SZ,182932,2,0,9.8,1500
2026-03-12 09:15:01.090,20260312,91501090,000009.SZ,182937,2,0,9.98,2000
2026-03-12 09:15:01.100,20260312,91501100,000009.SZ,183488,1,0,9.26,400
2026-03-12 09:15:01.110,20260312,91501110,000009.SZ,184592,1,0,8.83,200
2026-03-12 09:15:01.120,20260312,91501120,000009.SZ,185287,1,0,9.02,100
2026-03-12 09:15:01.120,20260312,91501120,000009.SZ,185414,1,0,8.81,1000
2026-03-12 09:15:01.120,20260312,91501120,000009.SZ,185416,2,0,9.57,500
2026-03-12 09:15:01.120,20260312,91501120,000009.SZ,185417,2,0,10.11,2000
2026-03-12 09:15:01.120,20260312,91501120,000009.SZ,185615,1,0,8.98,100
2026-03-12 09:15:01.120,20260312,91501120,000009.SZ,185781,2,0,9.45,500
2026-03-12 09:15:01.120,20260312,91501120,000009.SZ,185916,1,0,9.16,800
2026-03-12 09:15:01.120,20260312,91501120,000009.SZ,185918,1,0,8.88,800
2026-03-12 09:15:01.120,20260312,91501120,000009.SZ,185920,2,0,9.62,800
2026-03-12 09:15:01.120,20260312,91501120,000009.SZ,185921,2,0,9.77,800
2026-03-12 09:15:01.150,20260312,91501150,000009.SZ,186808,2,0,9.57,300
2026-03-12 09:15:01.150,20260312,91501150,000009.SZ,186809,2,0,9.82,300
2026-03-12 09:15:01.150,20260312,91501150,000009.SZ,186961,2,0,9.4,2000
2026-03-12 09:15:01.150,20260312,91501150,000009.SZ,186962,2,0,9.37,2000
2026-03-12 09:15:01.150,20260312,91501150,000009.SZ,186963,2,0,9.45,2000
2026-03-12 09:15:01.160,20260312,91501160,000009.SZ,187130,1,0,9.41,1100
2026-03-12 09:15:01.160,20260312,91501160,000009.SZ,187131,1,0,9.31,1100
2026-03-12 09:15:01.160,20260312,91501160,000009.SZ,187133,1,0,9.21,1100
2026-03-12 09:15:01.160,20260312,91501160,000009.SZ,187134,1,0,9.11,2000
2026-03-12 09:15:01.160,20260312,91501160,000009.SZ,187136,1,0,9.01,2000
2026-03-12 09:15:01.160,20260312,91501160,000009.SZ,187137,1,0,8.93,3000
2026-03-12 09:15:01.160,20260312,91501160,000009.SZ,187145,1,0,9.15,2000
2026-03-12 09:15:01.160,20260312,91501160,000009.SZ,187148,1,0,9.23,1500
2026-03-12 09:15:01.160,20260312,91501160,000009.SZ,187406,2,0,9.44,2000
2026-03-12 09:15:01.170,20260312,91501170,000009.SZ,188085,1,0,9.03,200
2026-03-12 09:15:01.190,20260312,91501190,000009.SZ,189009,1,0,8.45,20000
2026-03-12 09:15:01.190,20260312,91501190,000009.SZ,189013,1,0,8.45,20000
2026-03-12 09:15:01.200,20260312,91501200,000009.SZ,189142,2,0,10.22,200
2026-03-12 09:15:01.200,20260312,91501200,000009.SZ,189201,1,0,8.9,500
2026-03-12 09:15:01.200,20260312,91501200,000009.SZ,189342,2,0,9.9,1300
2026-03-12 09:15:01.220,20260312,91501220,000009.SZ,190157,1,0,9.2,100
2026-03-12 09:15:01.240,20260312,91501240,000009.SZ,191460,2,0,9.58,2000
2026-03-12 09:15:01.260,20260312,91501260,000009.SZ,192566,2,0,9.29,200
2026-03-12 09:15:01.260,20260312,91501260,000009.SZ,192746,1,0,9.25,100
2026-03-12 09:15:01.270,20260312,91501270,000009.SZ,193052,2,0,9.54,1000
2026-03-12 09:15:01.270,20260312,91501270,000009.SZ,193070,2,0,9.39,1000
2026-03-12 09:15:01.290,20260312,91501290,000009.SZ,194156,2,0,9.72,2300
2026-03-12 09:15:01.290,20260312,91501290,000009.SZ,194647,2,0,10.22,100
2026-03-12 09:15:01.290,20260312,91501290,000009.SZ,194649,2,0,10.05,100
2026-03-12 09:15:01.290,20260312,91501290,000009.SZ,194659,2,0,9.66,3000
2026-03-12 09:15:01.300,20260312,91501300,000009.SZ,194706,2,0,9.63,1100
2026-03-12 09:15:01.300,20260312,91501300,000009.SZ,195129,1,0,9.29,500
2026-03-12 09:15:01.310,20260312,91501310,000009.SZ,195279,2,0,9.81,300
2026-03-12 09:15:01.310,20260312,91501310,000009.SZ,195379,2,0,9.29,500
2026-03-12 09:15:01.320,20260312,91501320,000009.SZ,195873,1,0,9.19,400
2026-03-12 09:15:01.330,20260312,91501330,000009.SZ,196825,2,0,9.5,3000
2026-03-12 09:15:01.350,20260312,91501350,000009.SZ,198079,2,0,10.2,1000
2026-03-12 09:15:01.370,20260312,91501370,000009.SZ,198940,2,0,10.08,300
2026-03-12 09:15:01.390,20260312,91501390,000009.SZ,200105,2,0,9.66,6900
2026-03-12 09:15:01.410,20260312,91501410,000009.SZ,201107,1,0,9.22,9900
2026-03-12 09:15:01.410,20260312,91501410,000009.SZ,201199,2,0,9.46,200
2026-03-12 09:15:01.410,20260312,91501410,000009.SZ,201288,1,0,9.3,100
2026-03-12 09:15:01.430,20260312,91501430,000009.SZ,202065,2,0,10.22,231000
2026-03-12 09:15:01.430,20260312,91501430,000009.SZ,202144,2,0,10.22,200
2026-03-12 09:15:01.430,20260312,91501430,000009.SZ,202145,2,0,9.98,300
2026-03-12 09:15:01.430,20260312,91501430,000009.SZ,202146,2,0,9.87,300
2026-03-12 09:15:01.430,20260312,91501430,000009.SZ,202148,2,0,9.76,300
2026-03-12 09:15:01.430,20260312,91501430,000009.SZ,202149,2,0,9.65,300
2026-03-12 09:15:01.430,20260312,91501430,000009.SZ,202163,2,0,10.0,200
2026-03-12 09:15:01.430,20260312,91501430,000009.SZ,202251,1,0,8.88,500
2026-03-12 09:15:01.430,20260312,91501430,000009.SZ,202262,2,0,9.29,200
2026-03-12 09:15:01.440,20260312,91501440,000009.SZ,203157,1,0,9.09,1000
2026-03-12 09:15:01.450,20260312,91501450,000009.SZ,203246,2,0,9.45,1600
2026-03-12 09:15:01.450,20260312,91501450,000009.SZ,203535,1,0,8.5,200
2026-03-12 09:15:01.470,20260312,91501470,000009.SZ,204462,2,0,9.49,4000
2026-03-12 09:15:01.470,20260312,91501470,000009.SZ,204463,2,0,9.59,4000
2026-03-12 09:15:01.470,20260312,91501470,000009.SZ,204464,2,0,9.69,8000
2026-03-12 09:15:01.470,20260312,91501470,000009.SZ,204465,2,0,9.79,9000
2026-03-12 09:15:01.470,20260312,91501470,000009.SZ,204466,2,0,9.99,2000
2026-03-12 09:15:01.470,20260312,91501470,000009.SZ,204468,2,0,10.22,1000
2026-03-12 09:15:01.470,20260312,91501470,000009.SZ,204716,2,0,9.77,500
2026-03-12 09:15:01.490,20260312,91501490,000009.SZ,206205,2,0,9.56,400
2026-03-12 09:15:01.490,20260312,91501490,000009.SZ,206378,2,0,9.49,7000
2026-03-12 09:15:01.500,20260312,91501500,000009.SZ,206668,2,0,9.85,2600
2026-03-12 09:15:01.500,20260312,91501500,000009.SZ,207128,2,0,9.69,1900
2026-03-12 09:15:01.510,20260312,91501510,000009.SZ,207376,2,0,9.75,200
2026-03-12 09:15:01.510,20260312,91501510,000009.SZ,207885,2,0,10.0,100
2026-03-12 09:15:01.510,20260312,91501510,000009.SZ,207910,2,0,10.22,100
2026-03-12 09:15:01.540,20260312,91501540,000009.SZ,209251,1,0,8.5,100
2026-03-12 09:15:01.540,20260312,91501540,000009.SZ,209368,1,0,9.24,1000
2026-03-12 09:15:01.540,20260312,91501540,000009.SZ,209369,1,0,9.15,900
2026-03-12 09:15:01.540,20260312,91501540,000009.SZ,209370,2,0,9.4,600
2026-03-12 09:15:01.540,20260312,91501540,000009.SZ,209371,2,0,9.37,500
2026-03-12 09:15:01.550,20260312,91501550,000009.SZ,209708,1,0,9.25,500
2026-03-12 09:15:01.560,20260312,91501560,000009.SZ,210575,2,0,9.66,1600
2026-03-12 09:15:01.560,20260312,91501560,000009.SZ,210925,1,0,9.1,500
2026-03-12 09:15:01.560,20260312,91501560,000009.SZ,211067,1,0,9.0,1000
2026-03-12 09:15:01.570,20260312,91501570,000009.SZ,211485,2,0,9.99,1000
2026-03-12 09:15:01.580,20260312,91501580,000009.SZ,211718,1,0,8.65,1100
2026-03-12 09:15:01.580,20260312,91501580,000009.SZ,212024,1,0,9.15,4500
2026-03-12 09:15:01.590,20260312,91501590,000009.SZ,212590,1,0,9.18,3000
2026-03-12 09:15:01.590,20260312,91501590,000009.SZ,212785,2,0,10.2,400
2026-03-12 09:15:01.590,20260312,91501590,000009.SZ,212808,2,0,10.13,30000
2026-03-12 09:15:01.590,20260312,91501590,000009.SZ,212852,2,0,10.1,6000
2026-03-12 09:15:01.600,20260312,91501600,000009.SZ,213092,2,0,10.19,600
2026-03-12 09:15:01.610,20260312,91501610,000009.SZ,213976,1,0,9.08,400
2026-03-12 09:15:01.620,20260312,91501620,000009.SZ,214704,1,0,9.2,800
2026-03-12 09:15:01.620,20260312,91501620,000009.SZ,214705,2,0,9.5,500
2026-03-12 09:15:01.640,20260312,91501640,000009.SZ,216004,2,0,9.89,100
2026-03-12 09:15:01.640,20260312,91501640,000009.SZ,216006,2,0,10.19,100
2026-03-12 09:15:01.680,20260312,91501680,000009.SZ,217555,2,0,10.22,4000
2026-03-12 09:15:01.680,20260312,91501680,000009.SZ,217595,1,0,9.0,500
2026-03-12 09:15:01.690,20260312,91501690,000009.SZ,217834,2,0,10.15,200
2026-03-12 09:15:01.690,20260312,91501690,000009.SZ,217835,2,0,9.97,200
2026-03-12 09:15:01.690,20260312,91501690,000009.SZ,218297,2,0,9.36,100
2026-03-12 09:15:01.690,20260312,91501690,000009.SZ,218299,2,0,9.65,100
2026-03-12 09:15:01.700,20260312,91501700,000009.SZ,218516,2,0,9.48,2000
2026-03-12 09:15:01.700,20260312,91501700,000009.SZ,218748,2,0,10.18,2000
2026-03-12 09:15:01.710,20260312,91501710,000009.SZ,219393,2,0,9.64,500
2026-03-12 09:15:01.710,20260312,91501710,000009.SZ,219397,1,0,8.97,500
2026-03-12 09:15:01.720,20260312,91501720,000009.SZ,219432,1,0,8.43,1000
2026-03-12 09:15:01.720,20260312,91501720,000009.SZ,219433,1,0,8.63,800
2026-03-12 09:15:01.720,20260312,91501720,000009.SZ,219435,1,0,8.83,800
2026-03-12 09:15:01.720,20260312,91501720,000009.SZ,219496,2,0,10.22,31500
2026-03-12 09:15:01.730,20260312,91501730,000009.SZ,220074,1,0,8.77,2000
2026-03-12 09:15:01.730,20260312,91501730,000009.SZ,220090,1,0,8.88,1200
2026-03-12 09:15:01.730,20260312,91501730,000009.SZ,220190,2,0,9.75,2000
2026-03-12 09:15:01.740,20260312,91501740,000009.SZ,220809,2,0,9.58,2000
2026-03-12 09:15:01.740,20260312,91501740,000009.SZ,220831,2,0,10.22,3000
2026-03-12 09:15:01.740,20260312,91501740,000009.SZ,220867,2,0,9.85,7000
2026-03-12 09:15:01.740,20260312,91501740,000009.SZ,221108,1,0,9.3,400
2026-03-12 09:15:01.750,20260312,91501750,000009.SZ,221974,2,0,10.0,600
2026-03-12 09:15:01.760,20260312,91501760,000009.SZ,222491,2,0,9.8,1800
2026-03-12 09:15:01.770,20260312,91501770,000009.SZ,223059,2,0,10.21,2000
2026-03-12 09:15:01.770,20260312,91501770,000009.SZ,223060,2,0,10.11,2000
2026-03-12 09:15:01.780,20260312,91501780,000009.SZ,223586,2,0,10.0,2200
2026-03-12 09:15:01.790,20260312,91501790,000009.SZ,224297,2,0,10.22,400
2026-03-12 09:15:01.810,20260312,91501810,000009.SZ,225350,2,0,9.51,8400
2026-03-12 09:15:01.810,20260312,91501810,000009.SZ,225352,2,0,9.51,20000
2026-03-12 09:15:01.810,20260312,91501810,000009.SZ,225364,2,0,9.51,10000
2026-03-12 09:15:01.850,20260312,91501850,000009.SZ,227048,2,0,10.2,200
2026-03-12 09:15:01.850,20260312,91501850,000009.SZ,227115,1,0,8.8,3000
2026-03-12 09:15:01.850,20260312,91501850,000009.SZ,227204,2,0,10.0,400
2026-03-12 09:15:01.860,20260312,91501860,000009.SZ,227393,2,0,9.57,4000
2026-03-12 09:15:01.870,20260312,91501870,000009.SZ,228043,2,0,10.22,2000
2026-03-12 09:15:01.880,20260312,91501880,000009.SZ,228348,1,0,8.5,500
2026-03-12 09:15:01.890,20260312,91501890,000009.SZ,228672,2,0,10.18,1000
2026-03-12 09:15:01.890,20260312,91501890,000009.SZ,228735,2,0,10.22,1000
2026-03-12 09:15:01.910,20260312,91501910,000009.SZ,230425,1,0,9.13,200
2026-03-12 09:15:01.930,20260312,91501930,000009.SZ,230987,2,0,10.22,60000
2026-03-12 09:15:01.950,20260312,91501950,000009.SZ,232241,2,0,9.63,1000
2026-03-12 09:15:01.970,20260312,91501970,000009.SZ,233017,2,0,9.55,1000
2026-03-12 09:15:01.970,20260312,91501970,000009.SZ,233096,2,0,9.38,300
2026-03-12 09:15:01.970,20260312,91501970,000009.SZ,233097,2,0,9.56,200
2026-03-12 09:15:01.970,20260312,91501970,000009.SZ,233098,2,0,9.85,300
2026-03-12 09:15:01.970,20260312,91501970,000009.SZ,233099,2,0,10.22,600
2026-03-12 09:15:01.980,20260312,91501980,000009.SZ,233645,2,0,10.2,1600
2026-03-12 09:15:01.990,20260312,91501990,000009.SZ,233991,2,0,9.5,1000
2026-03-12 09:15:01.990,20260312,91501990,000009.SZ,233993,2,0,9.7,1000
2026-03-12 09:15:02.000,20260312,91502000,000009.SZ,234446,2,0,9.57,200
2026-03-12 09:15:02.000,20260312,91502000,000009.SZ,234472,2,0,10.17,1900
2026-03-12 09:15:02.000,20260312,91502000,000009.SZ,234630,2,0,9.6,1000
2026-03-12 09:15:02.000,20260312,91502000,000009.SZ,234757,2,0,9.42,3000
2026-03-12 09:15:02.000,20260312,91502000,000009.SZ,234805,2,0,9.49,10000
2026-03-12 09:15:02.000,20260312,91502000,000009.SZ,234833,2,0,9.9,20000
2026-03-12 09:15:02.000,20260312,91502000,000009.SZ,234852,2,0,9.88,1200
2026-03-12 09:15:02.010,20260312,91502010,000009.SZ,235060,1,0,9.15,2100
2026-03-12 09:15:02.010,20260312,91502010,000009.SZ,235363,2,0,10.22,477500
2026-03-12 09:15:02.010,20260312,91502010,000009.SZ,235373,2,0,10.22,477500
2026-03-12 09:15:02.010,20260312,91502010,000009.SZ,235421,2,0,10.22,210800
2026-03-12 09:15:02.010,20260312,91502010,000009.SZ,235474,2,0,10.22,125600
2026-03-12 09:15:02.030,20260312,91502030,000009.SZ,236761,2,0,10.22,10000
2026-03-12 09:15:02.070,20260312,91502070,000009.SZ,239062,1,0,8.88,500
2026-03-12 09:15:02.080,20260312,91502080,000009.SZ,240667,2,0,9.43,100
2026-03-12 09:15:02.080,20260312,91502080,000009.SZ,240672,2,0,9.49,100
2026-03-12 09:15:02.080,20260312,91502080,000009.SZ,240674,2,0,9.53,100
2026-03-12 09:15:02.080,20260312,91502080,000009.SZ,240686,2,0,9.58,100
2026-03-12 09:15:02.080,20260312,91502080,000009.SZ,240687,2,0,9.66,100
2026-03-12 09:15:02.080,20260312,91502080,000009.SZ,240692,2,0,9.72,100
2026-03-12 09:15:02.080,20260312,91502080,000009.SZ,240693,2,0,9.88,500
2026-03-12 09:15:02.080,20260312,91502080,000009.SZ,240694,2,0,9.99,500
2026-03-12 09:15:02.100,20260312,91502100,000009.SZ,241957,2,0,10.22,2000
2026-03-12 09:15:02.100,20260312,91502100,000009.SZ,242258,2,0,10.22,1000
2026-03-12 09:15:02.150,20260312,91502150,000009.SZ,244080,2,0,8.36,2400
2026-03-12 09:15:02.200,20260312,91502200,000009.SZ,245750,2,0,10.2,500
2026-03-12 09:15:02.200,20260312,91502200,000009.SZ,245775,1,0,8.5,200
2026-03-12 09:15:02.200,20260312,91502200,000009.SZ,245776,2,0,10.05,200
2026-03-12 09:15:02.210,20260312,91502210,000009.SZ,246112,2,0,9.69,3000
2026-03-12 09:15:02.230,20260312,91502230,000009.SZ,246592,1,0,9.05,500
2026-03-12 09:15:02.250,20260312,91502250,000009.SZ,247375,1,0,8.8,1600
2026-03-12 09:15:02.250,20260312,91502250,000009.SZ,247381,2,0,9.75,1500
2026-03-12 09:15:02.270,20260312,91502270,000009.SZ,248282,2,0,9.66,1000
2026-03-12 09:15:02.270,20260312,91502270,000009.SZ,248331,2,0,10.22,2600
2026-03-12 09:15:02.270,20260312,91502270,000009.SZ,248484,1,0,8.84,5000
2026-03-12 09:15:02.320,20260312,91502320,000009.SZ,250367,1,0,9.19,2500
2026-03-12 09:15:02.340,20260312,91502340,000009.SZ,251443,2,0,10.03,300
2026-03-12 09:15:02.370,20260312,91502370,000009.SZ,252471,2,0,9.54,1000
2026-03-12 09:15:02.370,20260312,91502370,000009.SZ,252521,2,0,9.69,1000
2026-03-12 09:15:02.370,20260312,91502370,000009.SZ,252528,2,0,9.99,1000
2026-03-12 09:15:02.370,20260312,91502370,000009.SZ,252530,1,0,9.16,1000
2026-03-12 09:15:02.380,20260312,91502380,000009.SZ,252949,2,0,9.7,1100
2026-03-12 09:15:02.400,20260312,91502400,000009.SZ,253878,2,0,9.43,1000
2026-03-12 09:15:02.450,20260312,91502450,000009.SZ,255833,1,0,9.0,1000
2026-03-12 09:15:02.470,20260312,91502470,000009.SZ,256676,1,0,8.36,8300
2026-03-12 09:15:02.470,20260312,91502470,000009.SZ,256805,2,0,9.7,3300
2026-03-12 09:15:02.470,20260312,91502470,000009.SZ,256891,1,0,9.22,9900
2026-03-12 09:15:02.470,20260312,91502470,000009.SZ,256941,2,0,10.19,300
2026-03-12 09:15:02.480,20260312,91502480,000009.SZ,257391,2,0,9.51,100
2026-03-12 09:15:02.490,20260312,91502490,000009.SZ,257682,1,0,9.18,600
2026-03-12 09:15:02.510,20260312,91502510,000009.SZ,258781,1,0,8.98,200
2026-03-12 09:15:02.540,20260312,91502540,000009.SZ,260028,1,0,9.18,20000
2026-03-12 09:15:02.540,20260312,91502540,000009.SZ,260320,1,0,9.0,1200
2026-03-12 09:15:02.550,20260312,91502550,000009.SZ,260386,2,0,10.22,4000
2026-03-12 09:15:02.550,20260312,91502550,000009.SZ,260622,1,0,9.29,1000
2026-03-12 09:15:02.560,20260312,91502560,000009.SZ,261398,1,0,9.1,300
2026-03-12 09:15:02.560,20260312,91502560,000009.SZ,261500,2,0,9.56,1500
2026-03-12 09:15:02.570,20260312,91502570,000009.SZ,261780,2,0,10.22,3000
2026-03-12 09:15:02.580,20260312,91502580,000009.SZ,262233,2,0,9.42,300
2026-03-12 09:15:02.590,20260312,91502590,000009.SZ,262697,2,0,10.18,2000
2026-03-12 09:15:02.610,20260312,91502610,000009.SZ,263599,2,0,10.2,400
2026-03-12 09:15:02.640,20260312,91502640,000009.SZ,265060,2,0,10.22,500
2026-03-12 09:15:02.650,20260312,91502650,000009.SZ,265381,2,0,9.9,800
2026-03-12 09:15:02.670,20260312,91502670,000009.SZ,266106,2,0,9.51,1100
2026-03-12 09:15:02.670,20260312,91502670,000009.SZ,266117,1,0,8.96,200
2026-03-12 09:15:02.700,20260312,91502700,000009.SZ,266664,2,0,10.22,5000
2026-03-12 09:15:02.700,20260312,91502700,000009.SZ,266831,2,0,9.88,1100
2026-03-12 09:15:02.710,20260312,91502710,000009.SZ,267242,2,0,9.75,2000
2026-03-12 09:15:02.710,20260312,91502710,000009.SZ,267258,1,0,9.15,200
2026-03-12 09:15:02.720,20260312,91502720,000009.SZ,267728,1,0,9.23,300
2026-03-12 09:15:02.730,20260312,91502730,000009.SZ,267965,2,0,9.78,1000
2026-03-12 09:15:02.730,20260312,91502730,000009.SZ,267979,2,0,9.99,60000
2026-03-12 09:15:02.730,20260312,91502730,000009.SZ,268028,1,0,9.22,1500
2026-03-12 09:15:02.730,20260312,91502730,000009.SZ,268054,1,0,9.15,1500
2026-03-12 09:15:02.730,20260312,91502730,000009.SZ,268055,1,0,9.03,5000
2026-03-12 09:15:02.730,20260312,91502730,000009.SZ,268285,1,0,8.8,400
2026-03-12 09:15:02.750,20260312,91502750,000009.SZ,268843,1,0,9.15,1000
2026-03-12 09:15:02.800,20260312,91502800,000009.SZ,271190,1,0,8.36,5000
2026-03-12 09:15:02.850,20260312,91502850,000009.SZ,272224,1,0,9.19,500
2026-03-12 09:15:02.900,20260312,91502900,000009.SZ,273846,2,0,9.6,700
2026-03-12 09:15:02.950,20260312,91502950,000009.SZ,275092,1,0,8.9,1000
2026-03-12 09:15:02.970,20260312,91502970,000009.SZ,275776,1,0,9.16,300
2026-03-12 09:15:02.980,20260312,91502980,000009.SZ,276070,1,0,9.15,500
2026-03-12 09:15:03.010,20260312,91503010,000009.SZ,276972,2,0,10.0,3000
2026-03-12 09:15:03.160,20260312,91503160,000009.SZ,281829,2,0,10.22,100
2026-03-12 09:15:03.180,20260312,91503180,000009.SZ,282161,2,0,10.22,2500
2026-03-12 09:15:03.180,20260312,91503180,000009.SZ,282172,2,0,10.18,4900
2026-03-12 09:15:03.180,20260312,91503180,000009.SZ,282182,2,0,10.12,1500
2026-03-12 09:15:03.240,20260312,91503240,000009.SZ,283184,2,0,9.56,2000
2026-03-12 09:15:03.310,20260312,91503310,000009.SZ,285025,2,0,9.32,800
2026-03-12 09:15:03.320,20260312,91503320,000009.SZ,285319,2,0,9.6,10200
2026-03-12 09:15:03.340,20260312,91503340,000009.SZ,285875,1,0,9.0,9200
2026-03-12 09:15:03.360,20260312,91503360,000009.SZ,286419,2,0,10.22,2300
2026-03-12 09:15:03.370,20260312,91503370,000009.SZ,286703,1,0,9.3,3600
2026-03-12 09:15:03.370,20260312,91503370,000009.SZ,286707,1,0,8.9,1800
2026-03-12 09:15:03.370,20260312,91503370,000009.SZ,286722,2,0,9.52,2000
2026-03-12 09:15:03.370,20260312,91503370,000009.SZ,286724,2,0,9.75,2000
2026-03-12 09:15:03.380,20260312,91503380,000009.SZ,287241,2,0,9.69,200
2026-03-12 09:15:03.380,20260312,91503380,000009.SZ,287262,1,0,9.21,1000
2026-03-12 09:15:03.390,20260312,91503390,000009.SZ,287564,2,0,10.22,100
2026-03-12 09:15:03.420,20260312,91503420,000009.SZ,288478,1,0,9.19,100
2026-03-12 09:15:03.430,20260312,91503430,000009.SZ,288547,2,0,9.48,1000
2026-03-12 09:15:03.500,20260312,91503500,000009.SZ,290446,1,0,8.83,500
2026-03-12 09:15:03.530,20260312,91503530,000009.SZ,290988,1,0,9.0,100
2026-03-12 09:15:03.530,20260312,91503530,000009.SZ,290989,2,0,9.5,100
2026-03-12 09:15:03.530,20260312,91503530,000009.SZ,290990,2,0,9.75,100
2026-03-12 09:15:03.570,20260312,91503570,000009.SZ,292376,2,0,10.22,100
2026-03-12 09:15:03.600,20260312,91503600,000009.SZ,293426,2,0,9.42,3000
2026-03-12 09:15:03.610,20260312,91503610,000009.SZ,293722,2,0,9.98,3000
2026-03-12 09:15:03.640,20260312,91503640,000009.SZ,294316,1,0,8.36,3000
2026-03-12 09:15:03.660,20260312,91503660,000009.SZ,295089,1,0,9.1,1900
2026-03-12 09:15:03.700,20260312,91503700,000009.SZ,295826,2,0,9.6,200
2026-03-12 09:15:03.700,20260312,91503700,000009.SZ,295829,2,0,9.8,200
2026-03-12 09:15:03.730,20260312,91503730,000009.SZ,296494,1,0,9.3,200
2026-03-12 09:15:03.750,20260312,91503750,000009.SZ,297109,2,0,10.2,8000
2026-03-12 09:15:03.760,20260312,91503760,000009.SZ,297270,2,0,9.57,500
2026-03-12 09:15:03.890,20260312,91503890,000009.SZ,299414,2,0,9.81,100
2026-03-12 09:15:03.890,20260312,91503890,000009.SZ,299415,1,0,8.41,100
2026-03-12 09:15:03.900,20260312,91503900,000009.SZ,299473,1,0,9.1,300
2026-03-12 09:15:03.900,20260312,91503900,000009.SZ,299528,2,0,9.52,1000
2026-03-12 09:15:03.910,20260312,91503910,000009.SZ,299681,2,0,9.48,4000
2026-03-12 09:15:03.910,20260312,91503910,000009.SZ,299781,2,0,9.93,1000
2026-03-12 09:15:03.920,20260312,91503920,000009.SZ,300011,2,0,9.65,2000
2026-03-12 09:15:03.920,20260312,91503920,000009.SZ,300013,2,0,9.9,1000
2026-03-12 09:15:03.970,20260312,91503970,000009.SZ,300792,2,0,9.6,1100
2026-03-12 09:15:03.970,20260312,91503970,000009.SZ,300793,2,0,9.7,1100
2026-03-12 09:15:03.970,20260312,91503970,000009.SZ,300802,2,0,9.8,1000
2026-03-12 09:15:03.970,20260312,91503970,000009.SZ,300805,2,0,9.9,1100
2026-03-12 09:15:03.970,20260312,91503970,000009.SZ,300807,2,0,10.0,1000
2026-03-12 09:15:04.030,20260312,91504030,000009.SZ,302089,2,0,10.22,3700
2026-03-12 09:15:04.050,20260312,91504050,000009.SZ,302516,2,0,9.69,4900
2026-03-12 09:15:04.050,20260312,91504050,000009.SZ,302517,2,0,9.99,4900
2026-03-12 09:15:04.070,20260312,91504070,000009.SZ,302913,2,0,9.39,1100
2026-03-12 09:15:04.090,20260312,91504090,000009.SZ,303693,1,0,9.09,1200
2026-03-12 09:15:04.090,20260312,91504090,000009.SZ,303724,1,0,9.2,100
2026-03-12 09:15:04.110,20260312,91504110,000009.SZ,304109,1,0,9.29,2600
2026-03-12 09:15:04.110,20260312,91504110,000009.SZ,304142,1,0,9.29,100
2026-03-12 09:15:04.110,20260312,91504110,000009.SZ,304316,2,0,10.15,1000
2026-03-12 09:15:04.150,20260312,91504150,000009.SZ,304890,2,0,9.6,800
2026-03-12 09:15:04.230,20260312,91504230,000009.SZ,305502,2,0,9.5,1000
2026-03-12 09:15:04.230,20260312,91504230,000009.SZ,305503,1,0,9.0,1000
2026-03-12 09:15:04.230,20260312,91504230,000009.SZ,305509,2,0,9.8,500
2026-03-12 09:15:04.240,20260312,91504240,000009.SZ,305585,2,0,10.22,300
2026-03-12 09:15:04.250,20260312,91504250,000009.SZ,305675,2,0,9.49,1400
2026-03-12 09:15:04.260,20260312,91504260,000009.SZ,305794,1,0,8.36,100
2026-03-12 09:15:04.330,20260312,91504330,000009.SZ,306839,2,0,10.22,1100
2026-03-12 09:15:04.340,20260312,91504340,000009.SZ,307055,2,0,10.13,100
2026-03-12 09:15:04.340,20260312,91504340,000009.SZ,307082,2,0,9.69,100
2026-03-12 09:15:04.430,20260312,91504430,000009.SZ,308204,1,0,9.01,1000
2026-03-12 09:15:04.450,20260312,91504450,000009.SZ,308473,2,0,10.22,3000
2026-03-12 09:15:04.450,20260312,91504450,000009.SZ,308544,2,0,9.48,300
2026-03-12 09:15:04.450,20260312,91504450,000009.SZ,308546,2,0,9.57,400
2026-03-12 09:15:04.450,20260312,91504450,000009.SZ,308566,2,0,9.53,400
2026-03-12 09:15:04.460,20260312,91504460,000009.SZ,308639,2,0,9.65,2000
2026-03-12 09:15:04.500,20260312,91504500,000009.SZ,309391,1,0,9.13,1000
2026-03-12 09:15:04.510,20260312,91504510,000009.SZ,309567,2,0,9.93,500
2026-03-12 09:15:04.590,20260312,91504590,000009.SZ,310870,2,0,9.79,300
2026-03-12 09:15:04.600,20260312,91504600,000009.SZ,310882,1,0,9.16,300
2026-03-12 09:15:04.600,20260312,91504600,000009.SZ,311027,2,0,9.51,500
2026-03-12 09:15:04.620,20260312,91504620,000009.SZ,311351,2,0,9.5,100
2026-03-12 09:15:04.700,20260312,91504700,000009.SZ,312126,2,0,9.49,100
2026-03-12 09:15:04.700,20260312,91504700,000009.SZ,312128,2,0,9.99,100
2026-03-12 09:15:04.700,20260312,91504700,000009.SZ,312130,1,0,8.91,200
2026-03-12 09:15:04.700,20260312,91504700,000009.SZ,312131,1,0,9.01,100
2026-03-12 09:15:04.740,20260312,91504740,000009.SZ,312763,1,0,8.88,200
2026-03-12 09:15:04.910,20260312,91504910,000009.SZ,314051,2,0,9.69,1000
2026-03-12 09:15:04.910,20260312,91504910,000009.SZ,314092,2,0,10.2,1900
2026-03-12 09:15:05.000,20260312,91505000,000009.SZ,315021,1,0,8.8,1200
2026-03-12 09:15:05.000,20260312,91505000,000009.SZ,315022,1,0,8.98,1200
2026-03-12 09:15:05.000,20260312,91505000,000009.SZ,315023,2,0,9.55,1100
2026-03-12 09:15:05.060,20260312,91505060,000009.SZ,315902,2,0,9.69,4400
2026-03-12 09:15:05.060,20260312,91505060,000009.SZ,315905,2,0,10.14,4500
2026-03-12 09:15:05.070,20260312,91505070,000009.SZ,315929,1,0,9.3,100
2026-03-12 09:15:05.070,20260312,91505070,000009.SZ,315947,2,0,10.18,1000
2026-03-12 09:15:05.070,20260312,91505070,000009.SZ,316034,1,0,9.27,1000
2026-03-12 09:15:05.070,20260312,91505070,000009.SZ,316142,1,0,9.2,1000
2026-03-12 09:15:05.080,20260312,91505080,000009.SZ,316692,1,0,9.15,2000
2026-03-12 09:15:05.090,20260312,91505090,000009.SZ,316964,2,0,9.46,1000
2026-03-12 09:15:05.100,20260312,91505100,000009.SZ,317079,1,0,8.88,1200
2026-03-12 09:15:05.100,20260312,91505100,000009.SZ,317081,2,0,9.8,1100
2026-03-12 09:15:05.120,20260312,91505120,000009.SZ,317545,2,0,10.22,100
2026-03-12 09:15:05.230,20260312,91505230,000009.SZ,318027,2,0,9.59,2000
2026-03-12 09:15:05.370,20260312,91505370,000009.SZ,319304,2,0,9.73,500
2026-03-12 09:15:05.380,20260312,91505380,000009.SZ,319448,2,0,9.69,2000
2026-03-12 09:15:05.450,20260312,91505450,000009.SZ,320133,1,0,9.23,2000
2026-03-12 09:15:05.470,20260312,91505470,000009.SZ,320317,2,0,10.22,1000
2026-03-12 09:15:05.480,20260312,91505480,000009.SZ,320409,2,0,9.66,1400
2026-03-12 09:15:05.570,20260312,91505570,000009.SZ,321471,1,0,9.3,900
2026-03-12 09:15:05.610,20260312,91505610,000009.SZ,321743,2,0,10.1,500
2026-03-12 09:15:05.620,20260312,91505620,000009.SZ,321811,2,0,10.22,1000
2026-03-12 09:15:05.620,20260312,91505620,000009.SZ,321872,1,0,8.8,1000
2026-03-12 09:15:05.620,20260312,91505620,000009.SZ,321876,1,0,9.3,100
2026-03-12 09:15:05.620,20260312,91505620,000009.SZ,321924,1,0,8.89,500
2026-03-12 09:15:05.890,20260312,91505890,000009.SZ,323295,1,0,9.1,5000
2026-03-12 09:15:05.910,20260312,91505910,000009.SZ,323411,2,0,9.6,200
2026-03-12 09:15:05.920,20260312,91505920,000009.SZ,323541,2,0,9.81,3000
2026-03-12 09:15:05.930,20260312,91505930,000009.SZ,323562,1,0,8.83,200
2026-03-12 09:15:06.000,20260312,91506000,000009.SZ,323943,2,0,10.13,3000
2026-03-12 09:15:06.060,20260312,91506060,000009.SZ,324469,1,0,8.68,300
2026-03-12 09:15:06.080,20260312,91506080,000009.SZ,325112,2,0,10.2,2400
2026-03-12 09:15:06.090,20260312,91506090,000009.SZ,325450,2,0,10.21,100
2026-03-12 09:15:06.260,20260312,91506260,000009.SZ,326265,1,0,9.2,300
2026-03-12 09:15:06.290,20260312,91506290,000009.SZ,326503,2,0,9.59,1400
2026-03-12 09:15:06.370,20260312,91506370,000009.SZ,326929,2,0,10.2,400
2026-03-12 09:15:06.530,20260312,91506530,000009.SZ,328192,1,0,8.5,100
2026-03-12 09:15:06.590,20260312,91506590,000009.SZ,328438,1,0,9.2,2000
2026-03-12 09:15:06.600,20260312,91506600,000009.SZ,328576,2,0,9.59,4700
2026-03-12 09:15:06.750,20260312,91506750,000009.SZ,329356,2,0,10.22,3000
2026-03-12 09:15:06.980,20260312,91506980,000009.SZ,330128,2,0,10.2,200
2026-03-12 09:15:07.060,20260312,91507060,000009.SZ,330432,1,0,8.8,2000
2026-03-12 09:15:07.250,20260312,91507250,000009.SZ,331239,1,0,10.22,500
2026-03-12 09:15:07.260,20260312,91507260,000009.SZ,331259,1,0,8.91,1500
2026-03-12 09:15:07.330,20260312,91507330,000009.SZ,331661,2,0,10.08,800
2026-03-12 09:15:07.410,20260312,91507410,000009.SZ,331861,1,0,8.8,1000
2026-03-12 09:15:07.660,20260312,91507660,000009.SZ,333526,2,0,10.22,3000
2026-03-12 09:15:08.050,20260312,91508050,000009.SZ,333921,1,0,9.06,300
2026-03-12 09:15:08.050,20260312,91508050,000009.SZ,333922,1,0,8.96,500
2026-03-12 09:15:08.450,20260312,91508450,000009.SZ,334896,2,0,9.5,100
2026-03-12 09:15:08.630,20260312,91508630,000009.SZ,335396,2,0,10.22,200
2026-03-12 09:15:08.650,20260312,91508650,000009.SZ,335511,1,0,9.17,500
2026-03-12 09:15:08.660,20260312,91508660,000009.SZ,335548,2,0,10.22,400
2026-03-12 09:15:10.220,20260312,91510220,000009.SZ,337309,1,0,9.25,100
2026-03-12 09:15:10.660,20260312,91510660,000009.SZ,337782,1,0,8.88,3000
2026-03-12 09:15:10.670,20260312,91510670,000009.SZ,337825,2,0,9.77,2000
2026-03-12 09:15:10.670,20260312,91510670,000009.SZ,337903,2,0,8.36,800
2026-03-12 09:15:11.500,20260312,91511500,000009.SZ,338606,2,0,9.49,1100
2026-03-12 09:15:12.250,20260312,91512250,000009.SZ,339177,2,0,9.39,200
2026-03-12 09:15:12.260,20260312,91512260,000009.SZ,339235,1,0,9.25,200
2026-03-12 09:15:12.830,20260312,91512830,000009.SZ,339537,1,0,9.18,5500
2026-03-12 09:15:13.530,20260312,91513530,000009.SZ,339850,2,0,9.64,37200
2026-03-12 09:15:18.310,20260312,91518310,000009.SZ,341064,1,0,8.5,100
2026-03-12 09:15:21.980,20260312,91521980,000009.SZ,342136,1,0,9.11,5100
2026-03-12 09:15:22.550,20260312,91522550,000009.SZ,342329,2,0,9.55,500
2026-03-12 09:15:23.340,20260312,91523340,000009.SZ,342527,2,0,10.22,5000
2026-03-12 09:15:29.280,20260312,91529280,000009.SZ,344177,2,0,9.44,100
2026-03-12 09:15:29.330,20260312,91529330,000009.SZ,344186,1,0,9.26,100
2026-03-12 09:15:29.860,20260312,91529860,000009.SZ,344313,2,0,9.5,500
2026-03-12 09:15:31.520,20260312,91531520,000009.SZ,344769,2,0,9.88,600
2026-03-12 09:15:31.920,20260312,91531920,000009.SZ,344860,2,0,9.5,300
2026-03-12 09:15:32.690,20260312,91532690,000009.SZ,345143,2,0,10.21,1400
2026-03-12 09:15:36.150,20260312,91536150,000009.SZ,346044,2,0,9.3,2000
2026-03-12 09:15:39.230,20260312,91539230,000009.SZ,346939,2,0,10.22,600
2026-03-12 09:15:40.200,20260312,91540200,000009.SZ,347263,2,0,9.7,100
2026-03-12 09:15:40.210,20260312,91540210,000009.SZ,347264,1,0,8.9,100
2026-03-12 09:15:42.430,20260312,91542430,000009.SZ,347913,2,0,8.37,100
2026-03-12 09:15:42.850,20260312,91542850,000009.SZ,348032,2,0,10.2,800
2026-03-12 09:15:43.070,20260312,91543070,000009.SZ,348082,2,0,10.22,100
2026-03-12 09:15:43.930,20260312,91543930,000009.SZ,348328,2,0,9.5,5000
2026-03-12 09:15:44.500,20260312,91544500,000009.SZ,348513,2,0,9.22,1200
2026-03-12 09:15:46.890,20260312,91546890,000009.SZ,349185,2,0,9.43,3000
2026-03-12 09:15:47.520,20260312,91547520,000009.SZ,349392,2,0,9.3,166600
2026-03-12 09:15:53.350,20260312,91553350,000009.SZ,351083,2,0,9.54,200
2026-03-12 09:15:53.350,20260312,91553350,000009.SZ,351084,1,0,9.25,200
2026-03-12 09:15:55.260,20260312,91555260,000009.SZ,351712,2,0,9.44,400
2026-03-12 09:15:55.290,20260312,91555290,000009.SZ,351722,1,0,9.22,400
2026-03-12 09:15:56.820,20260312,91556820,000009.SZ,352396,1,0,9.3,25000
2026-03-12 09:15:56.910,20260312,91556910,000009.SZ,352445,2,0,8.36,100
2026-03-12 09:15:57.400,20260312,91557400,000009.SZ,352673,1,0,9.13,100
2026-03-12 09:15:59.410,20260312,91559410,000009.SZ,353371,2,0,9.4,1000
2026-03-12 09:15:59.410,20260312,91559410,000009.SZ,353372,1,0,8.75,1000
2026-03-12 09:16:02.240,20260312,91602240,000009.SZ,354436,2,0,9.35,100
2026-03-12 09:16:04.410,20260312,91604410,000009.SZ,355292,2,0,10.22,2800
2026-03-12 09:16:04.590,20260312,91604590,000009.SZ,355353,2,0,9.5,1000
2026-03-12 09:16:05.590,20260312,91605590,000009.SZ,355815,1,0,9.21,2500
2026-03-12 09:16:07.590,20260312,91607590,000009.SZ,356602,1,0,9.3,100
2026-03-12 09:16:08.240,20260312,91608240,000009.SZ,356826,2,0,9.4,100
2026-03-12 09:16:10.890,20260312,91610890,000009.SZ,357685,2,0,9.68,1000
2026-03-12 09:16:13.220,20260312,91613220,000009.SZ,358500,2,0,10.22,1000
2026-03-12 09:16:13.870,20260312,91613870,000009.SZ,358724,1,0,10.22,3200
2026-03-12 09:16:14.300,20260312,91614300,000009.SZ,358880,2,0,9.45,100
2026-03-12 09:16:15.920,20260312,91615920,000009.SZ,359418,2,0,9.49,1000
2026-03-12 09:16:16.060,20260312,91616060,000009.SZ,359464,2,0,9.43,2000
2026-03-12 09:16:20.420,20260312,91620420,000009.SZ,360766,2,0,9.5,100
2026-03-12 09:16:20.640,20260312,91620640,000009.SZ,360829,2,0,10.0,500
2026-03-12 09:16:27.320,20260312,91627320,000009.SZ,363031,2,0,9.55,100
2026-03-12 09:16:27.860,20260312,91627860,000009.SZ,363197,2,0,10.19,1000
2026-03-12 09:16:29.800,20260312,91629800,000009.SZ,363870,2,0,10.2,1000
2026-03-12 09:16:31.110,20260312,91631110,000009.SZ,364313,2,0,9.42,2000
2026-03-12 09:16:31.780,20260312,91631780,000009.SZ,364524,2,0,9.72,1000
2026-03-12 09:16:33.360,20260312,91633360,000009.SZ,365052,1,0,9.25,100
2026-03-12 09:16:35.150,20260312,91635150,000009.SZ,365630,2,0,10.22,3100
2026-03-12 09:16:37.080,20260312,91637080,000009.SZ,366289,2,0,9.48,1000
2026-03-12 09:16:38.380,20260312,91638380,000009.SZ,366692,2,0,9.5,1300
2026-03-12 09:16:39.470,20260312,91639470,000009.SZ,367097,1,0,9.2,100
2026-03-12 09:16:40.900,20260312,91640900,000009.SZ,367602,2,0,10.22,200
2026-03-12 09:16:40.980,20260312,91640980,000009.SZ,367632,2,0,9.6,100
2026-03-12 09:16:42.630,20260312,91642630,000009.SZ,368207,2,0,10.22,2100
2026-03-12 09:16:46.040,20260312,91646040,000009.SZ,369439,1,0,9.15,100
2026-03-12 09:16:47.610,20260312,91647610,000009.SZ,370001,2,0,10.0,3000
2026-03-12 09:16:48.560,20260312,91648560,000009.SZ,370304,2,0,9.57,3000
2026-03-12 09:16:48.610,20260312,91648610,000009.SZ,370313,2,0,10.21,3000
2026-03-12 09:16:48.850,20260312,91648850,000009.SZ,370412,1,0,9.2,1600
2026-03-12 09:16:50.640,20260312,91650640,000009.SZ,371112,1,0,10.22,3200
2026-03-12 09:17:00.450,20260312,91700450,000009.SZ,374506,2,0,9.03,3100
2026-03-12 09:17:01.220,20260312,91701220,000009.SZ,374825,2,0,9.46,18000
2026-03-12 09:17:01.640,20260312,91701640,000009.SZ,374983,2,0,9.5,400
2026-03-12 09:17:03.180,20260312,91703180,000009.SZ,375584,2,0,9.3,500
2026-03-12 09:17:04.960,20260312,91704960,000009.SZ,376256,2,0,9.98,2000
2026-03-12 09:17:07.320,20260312,91707320,000009.SZ,377146,2,0,9.41,1300
2026-03-12 09:17:10.020,20260312,91710020,000009.SZ,378268,2,0,9.4,600
2026-03-12 09:17:10.120,20260312,91710120,000009.SZ,378317,2,0,10.22,200
2026-03-12 09:17:12.610,20260312,91712610,000009.SZ,379231,2,0,9.5,1000
2026-03-12 09:17:14.430,20260312,91714430,000009.SZ,379876,1,0,9.3,1100
2026-03-12 09:17:15.920,20260312,91715920,000009.SZ,380487,2,0,9.48,300
2026-03-12 09:17:16.080,20260312,91716080,000009.SZ,380546,2,0,10.22,2000
2026-03-12 09:17:17.570,20260312,91717570,000009.SZ,381081,2,0,10.2,500
2026-03-12 09:17:21.020,20260312,91721020,000009.SZ,382350,2,0,8.36,1200
2026-03-12 09:17:22.810,20260312,91722810,000009.SZ,383014,2,0,9.99,200
2026-03-12 09:17:25.230,20260312,91725230,000009.SZ,383897,1,0,9.14,10000
2026-03-12 09:17:26.710,20260312,91726710,000009.SZ,384452,2,0,10.2,1000
2026-03-12 09:17:28.310,20260312,91728310,000009.SZ,385063,1,0,9.18,1000
2026-03-12 09:17:29.300,20260312,91729300,000009.SZ,385410,2,0,10.2,500
2026-03-12 09:17:29.460,20260312,91729460,000009.SZ,385453,2,0,10.22,3400
2026-03-12 09:17:31.240,20260312,91731240,000009.SZ,386134,2,0,10.22,12500
2026-03-12 09:17:33.520,20260312,91733520,000009.SZ,386970,2,0,9.4,2000
2026-03-12 09:17:33.680,20260312,91733680,000009.SZ,387043,2,0,9.8,1000
2026-03-12 09:17:34.170,20260312,91734170,000009.SZ,387238,2,0,9.85,1000
2026-03-12 09:17:34.550,20260312,91734550,000009.SZ,387399,2,0,9.69,200
2026-03-12 09:17:34.680,20260312,91734680,000009.SZ,387449,2,0,10.12,3400
2026-03-12 09:17:35.310,20260312,91735310,000009.SZ,387667,2,0,9.9,700
2026-03-12 09:17:38.210,20260312,91738210,000009.SZ,388811,1,0,9.3,1000
2026-03-12 09:17:39.450,20260312,91739450,000009.SZ,389352,2,0,10.03,3400
2026-03-12 09:17:39.820,20260312,91739820,000009.SZ,389486,2,0,9.63,10900
2026-03-12 09:17:42.310,20260312,91742310,000009.SZ,390416,2,0,9.76,200
2026-03-12 09:17:42.730,20260312,91742730,000009.SZ,390562,2,0,9.6,1000
2026-03-12 09:17:45.790,20260312,91745790,000009.SZ,391712,1,0,9.3,100
2026-03-12 09:17:47.290,20260312,91747290,000009.SZ,392300,2,0,9.38,1000
2026-03-12 09:17:48.930,20260312,91748930,000009.SZ,392978,2,0,9.92,1100
2026-03-12 09:17:49.830,20260312,91749830,000009.SZ,393326,2,0,9.8,1000
2026-03-12 09:17:51.880,20260312,91751880,000009.SZ,394082,2,0,10.12,6000
2026-03-12 09:17:52.000,20260312,91752000,000009.SZ,394138,1,0,8.46,8800
2026-03-12 09:17:56.740,20260312,91756740,000009.SZ,396021,2,0,9.98,1000
2026-03-12 09:17:57.200,20260312,91757200,000009.SZ,396207,2,0,9.81,1100
2026-03-12 09:17:58.970,20260312,91758970,000009.SZ,396927,2,0,9.82,3000
2026-03-12 09:17:59.140,20260312,91759140,000009.SZ,397008,1,0,8.82,200
2026-03-12 09:18:00.950,20260312,91800950,000009.SZ,397789,1,0,9.17,1000
2026-03-12 09:18:05.480,20260312,91805480,000009.SZ,399637,2,0,10.2,2000
2026-03-12 09:18:06.070,20260312,91806070,000009.SZ,399860,2,0,10.2,3000
2026-03-12 09:18:06.430,20260312,91806430,000009.SZ,399990,1,0,8.62,200
2026-03-12 09:18:08.620,20260312,91808620,000009.SZ,400871,2,0,10.01,200
2026-03-12 09:18:11.250,20260312,91811250,000009.SZ,402006,2,0,9.68,1300
2026-03-12 09:18:13.290,20260312,91813290,000009.SZ,402816,1,0,9.15,5000
2026-03-12 09:18:14.030,20260312,91814030,000009.SZ,403124,1,0,8.37,300
2026-03-12 09:18:18.270,20260312,91818270,000009.SZ,404847,2,0,9.57,200
2026-03-12 09:18:23.590,20260312,91823590,000009.SZ,407291,2,0,9.53,3700
2026-03-12 09:18:23.850,20260312,91823850,000009.SZ,407394,2,0,10.22,700
2026-03-12 09:18:26.510,20260312,91826510,000009.SZ,408587,2,0,9.68,700
2026-03-12 09:18:27.980,20260312,91827980,000009.SZ,409179,2,0,10.22,300
2026-03-12 09:18:29.790,20260312,91829790,000009.SZ,409920,2,0,9.7,1000
2026-03-12 09:18:34.540,20260312,91834540,000009.SZ,411855,1,0,9.15,1300
2026-03-12 09:18:38.710,20260312,91838710,000009.SZ,413631,2,0,9.44,3000
2026-03-12 09:18:42.710,20260312,91842710,000009.SZ,415270,1,0,9.08,500
2026-03-12 09:18:45.130,20260312,91845130,000009.SZ,416313,2,0,9.99,1000
2026-03-12 09:18:49.400,20260312,91849400,000009.SZ,418118,2,0,9.48,300
2026-03-12 09:18:51.680,20260312,91851680,000009.SZ,419151,1,0,9.3,100
2026-03-12 09:18:52.780,20260312,91852780,000009.SZ,419638,2,0,9.38,2600
2026-03-12 09:18:54.680,20260312,91854680,000009.SZ,420438,2,0,10.22,10000
2026-03-12 09:18:56.810,20260312,91856810,000009.SZ,421373,2,0,9.3,1000
2026-03-12 09:18:57.570,20260312,91857570,000009.SZ,421706,2,0,9.58,1100
2026-03-12 09:19:00.410,20260312,91900410,000009.SZ,422945,2,0,10.0,3000
2026-03-12 09:19:01.090,20260312,91901090,000009.SZ,423238,2,0,10.22,600
2026-03-12 09:19:02.060,20260312,91902060,000009.SZ,423685,2,0,9.53,1000
2026-03-12 09:19:02.190,20260312,91902190,000009.SZ,423734,2,0,9.5,1000
2026-03-12 09:19:03.710,20260312,91903710,000009.SZ,424493,1,0,9.07,1000
2026-03-12 09:19:08.820,20260312,91908820,000009.SZ,426873,2,0,9.87,100
2026-03-12 09:19:09.190,20260312,91909190,000009.SZ,427062,2,0,10.22,600
2026-03-12 09:19:09.250,20260312,91909250,000009.SZ,427095,2,0,9.74,3000
2026-03-12 09:19:09.340,20260312,91909340,000009.SZ,427147,2,0,9.68,1300
2026-03-12 09:19:11.010,20260312,91911010,000009.SZ,427958,1,0,9.3,1000
2026-03-12 09:19:11.440,20260312,91911440,000009.SZ,428160,2,0,10.22,3000
2026-03-12 09:19:12.700,20260312,91912700,000009.SZ,428766,2,0,9.55,10000
2026-03-12 09:19:15.500,20260312,91915500,000009.SZ,430029,2,0,9.65,1000
2026-03-12 09:19:15.900,20260312,91915900,000009.SZ,430205,2,0,10.21,300
2026-03-12 09:19:18.630,20260312,91918630,000009.SZ,431475,2,0,9.41,1000
2026-03-12 09:19:18.860,20260312,91918860,000009.SZ,431572,1,0,9.25,1000
2026-03-12 09:19:18.880,20260312,91918880,000009.SZ,431584,2,0,9.39,2000
2026-03-12 09:19:19.670,20260312,91919670,000009.SZ,431948,1,0,9.23,3000
2026-03-12 09:19:19.980,20260312,91919980,000009.SZ,432098,2,0,10.2,4000
2026-03-12 09:19:21.560,20260312,91921560,000009.SZ,432787,2,0,9.78,700
2026-03-12 09:19:25.180,20260312,91925180,000009.SZ,434494,2,0,10.22,1600
2026-03-12 09:19:27.690,20260312,91927690,000009.SZ,435662,1,0,8.98,300
2026-03-12 09:19:28.760,20260312,91928760,000009.SZ,436149,2,0,9.4,2000
2026-03-12 09:19:30.410,20260312,91930410,000009.SZ,436891,2,0,9.89,4300
2026-03-12 09:19:32.280,20260312,91932280,000009.SZ,437756,1,0,9.3,1100
2026-03-12 09:19:38.290,20260312,91938290,000009.SZ,440574,2,0,10.22,2000
2026-03-12 09:19:38.480,20260312,91938480,000009.SZ,440662,1,0,9.13,300
2026-03-12 09:19:40.470,20260312,91940470,000009.SZ,441596,2,0,9.64,1000
2026-03-12 09:19:40.800,20260312,91940800,000009.SZ,441724,2,0,10.22,500
2026-03-12 09:19:41.410,20260312,91941410,000009.SZ,442012,2,0,9.8,1000
2026-03-12 09:19:54.650,20260312,91954650,000009.SZ,448383,2,0,9.39,11500
2026-03-12 09:19:58.970,20260312,91958970,000009.SZ,450497,1,0,9.18,5000
2026-03-12 09:19:59.990,20260312,91959990,000009.SZ,450994,2,0,10.21,2500
2026-03-12 09:20:04.020,20260312,92004020,000009.SZ,452868,2,0,9.11,100
2026-03-12 09:20:04.840,20260312,92004840,000009.SZ,453218,2,0,9.65,11100
2026-03-12 09:20:06.010,20260312,92006010,000009.SZ,453789,2,0,9.11,100
2026-03-12 09:20:06.020,20260312,92006020,000009.SZ,453821,2,0,9.11,500
2026-03-12 09:20:06.180,20260312,92006180,000009.SZ,453910,2,0,9.66,300
2026-03-12 09:20:09.510,20260312,92009510,000009.SZ,455275,1,0,8.5,200
2026-03-12 09:20:10.990,20260312,92010990,000009.SZ,455960,2,0,9.42,900
2026-03-12 09:20:11.280,20260312,92011280,000009.SZ,456096,2,0,10.0,300
2026-03-12 09:20:12.540,20260312,92012540,000009.SZ,456614,1,0,9.13,100
2026-03-12 09:20:13.160,20260312,92013160,000009.SZ,456866,1,0,8.77,100
2026-03-12 09:20:13.260,20260312,92013260,000009.SZ,456917,2,0,9.52,400
2026-03-12 09:20:14.880,20260312,92014880,000009.SZ,457591,1,0,8.78,600
2026-03-12 09:20:15.520,20260312,92015520,000009.SZ,457863,2,0,9.64,1000
2026-03-12 09:20:15.760,20260312,92015760,000009.SZ,457952,2,0,10.2,500
2026-03-12 09:20:16.350,20260312,92016350,000009.SZ,458182,2,0,9.46,1000
2026-03-12 09:20:16.380,20260312,92016380,000009.SZ,458194,1,0,9.1,2500
2026-03-12 09:20:17.610,20260312,92017610,000009.SZ,458751,1,0,9.15,500
2026-03-12 09:20:18.420,20260312,92018420,000009.SZ,459144,2,0,9.8,3300
2026-03-12 09:20:19.550,20260312,92019550,000009.SZ,459623,2,0,9.48,1200
2026-03-12 09:20:19.550,20260312,92019550,000009.SZ,459624,2,0,9.39,1000
2026-03-12 09:20:21.760,20260312,92021760,000009.SZ,460512,1,0,9.26,2000
2026-03-12 09:20:21.770,20260312,92021770,000009.SZ,460523,1,0,9.3,2800
2026-03-12 09:20:22.540,20260312,92022540,000009.SZ,460847,1,0,9.03,100
2026-03-12 09:20:26.620,20260312,92026620,000009.SZ,462503,2,0,10.2,1000
2026-03-12 09:20:29.970,20260312,92029970,000009.SZ,463912,2,0,9.29,1800
2026-03-12 09:20:30.200,20260312,92030200,000009.SZ,464025,2,0,9.31,1000
2026-03-12 09:20:30.690,20260312,92030690,000009.SZ,464234,2,0,9.68,4200
2026-03-12 09:20:31.870,20260312,92031870,000009.SZ,464696,2,0,9.66,100
2026-03-12 09:20:33.850,20260312,92033850,000009.SZ,465558,1,0,8.6,600
2026-03-12 09:20:37.420,20260312,92037420,000009.SZ,467123,2,0,10.2,100
2026-03-12 09:20:43.320,20260312,92043320,000009.SZ,469648,1,0,9.2,5000
2026-03-12 09:20:44.260,20260312,92044260,000009.SZ,470036,1,0,9.1,2000
2026-03-12 09:20:46.280,20260312,92046280,000009.SZ,470918,1,0,9.3,10000
2026-03-12 09:20:47.030,20260312,92047030,000009.SZ,471241,1,0,9.2,400
2026-03-12 09:20:48.960,20260312,92048960,000009.SZ,472094,1,0,9.08,600
2026-03-12 09:20:49.840,20260312,92049840,000009.SZ,472470,1,0,9.0,200
2026-03-12 09:20:50.260,20260312,92050260,000009.SZ,472664,1,0,9.3,5500
2026-03-12 09:20:52.320,20260312,92052320,000009.SZ,473582,2,0,10.22,1400
2026-03-12 09:20:55.900,20260312,92055900,000009.SZ,475160,1,0,8.65,500
2026-03-12 09:21:00.810,20260312,92100810,000009.SZ,477644,2,0,9.3,5600
2026-03-12 09:21:03.890,20260312,92103890,000009.SZ,479510,2,0,10.22,5000
2026-03-12 09:21:05.020,20260312,92105020,000009.SZ,479981,1,0,9.2,300
2026-03-12 09:21:06.440,20260312,92106440,000009.SZ,480665,2,0,9.35,2000
2026-03-12 09:21:09.590,20260312,92109590,000009.SZ,482089,2,0,9.3,400
2026-03-12 09:21:12.650,20260312,92112650,000009.SZ,483512,2,0,9.65,500
2026-03-12 09:21:15.030,20260312,92115030,000009.SZ,484670,1,0,9.3,100
2026-03-12 09:21:20.570,20260312,92120570,000009.SZ,487289,2,0,9.3,1600
2026-03-12 09:21:21.000,20260312,92121000,000009.SZ,487498,1,0,8.8,600
2026-03-12 09:21:25.330,20260312,92125330,000009.SZ,489519,2,0,9.56,1000
2026-03-12 09:21:25.620,20260312,92125620,000009.SZ,489660,1,0,9.2,600
2026-03-12 09:21:28.790,20260312,92128790,000009.SZ,491173,2,0,9.75,2000
2026-03-12 09:21:34.190,20260312,92134190,000009.SZ,493739,2,0,9.41,3200
2026-03-12 09:21:34.590,20260312,92134590,000009.SZ,493923,2,0,10.22,1000
2026-03-12 09:21:34.990,20260312,92134990,000009.SZ,494131,1,0,9.15,10400
2026-03-12 09:21:35.070,20260312,92135070,000009.SZ,494175,2,0,9.84,200
2026-03-12 09:21:39.850,20260312,92139850,000009.SZ,496432,2,0,9.48,2500
2026-03-12 09:21:40.090,20260312,92140090,000009.SZ,496555,2,0,10.22,12000
2026-03-12 09:21:40.460,20260312,92140460,000009.SZ,496739,2,0,10.2,600
2026-03-12 09:21:41.350,20260312,92141350,000009.SZ,497172,1,0,8.8,1000
2026-03-12 09:21:43.900,20260312,92143900,000009.SZ,498390,2,0,9.79,1000
2026-03-12 09:21:44.300,20260312,92144300,000009.SZ,498592,2,0,9.6,1000
2026-03-12 09:21:45.930,20260312,92145930,000009.SZ,499381,2,0,10.22,3000
2026-03-12 09:21:47.490,20260312,92147490,000009.SZ,500158,2,0,9.57,20000
2026-03-12 09:21:51.370,20260312,92151370,000009.SZ,502065,1,0,9.5,1000
2026-03-12 09:21:52.720,20260312,92152720,000009.SZ,502703,2,0,9.8,1000
2026-03-12 09:21:53.530,20260312,92153530,000009.SZ,503084,2,0,10.22,500
2026-03-12 09:21:54.160,20260312,92154160,000009.SZ,503392,1,0,9.05,2900
2026-03-12 09:21:54.710,20260312,92154710,000009.SZ,503638,2,0,10.22,1000
2026-03-12 09:21:57.080,20260312,92157080,000009.SZ,504858,2,0,9.5,500
2026-03-12 09:21:57.310,20260312,92157310,000009.SZ,504982,2,0,9.35,500
2026-03-12 09:21:59.510,20260312,92159510,000009.SZ,506058,2,0,9.52,3600
2026-03-12 09:22:00.120,20260312,92200120,000009.SZ,506351,2,0,9.64,200
2026-03-12 09:22:00.200,20260312,92200200,000009.SZ,506400,2,0,9.0,1000
2026-03-12 09:22:03.310,20260312,92203310,000009.SZ,507974,2,0,9.5,2000
2026-03-12 09:22:03.590,20260312,92203590,000009.SZ,508102,2,0,9.5,200
2026-03-12 09:22:04.820,20260312,92204820,000009.SZ,508720,2,0,9.69,1000
2026-03-12 09:22:05.070,20260312,92205070,000009.SZ,508870,1,0,9.18,2600
2026-03-12 09:22:08.890,20260312,92208890,000009.SZ,510833,2,0,9.8,500
2026-03-12 09:22:11.580,20260312,92211580,000009.SZ,512133,2,0,9.6,800
2026-03-12 09:22:15.050,20260312,92215050,000009.SZ,513830,2,0,9.6,300
2026-03-12 09:22:17.870,20260312,92217870,000009.SZ,515299,1,0,9.14,10000
2026-03-12 09:22:18.240,20260312,92218240,000009.SZ,515487,2,0,10.22,500
2026-03-12 09:22:19.120,20260312,92219120,000009.SZ,515938,1,0,9.18,1000
2026-03-12 09:22:19.450,20260312,92219450,000009.SZ,516110,2,0,9.3,125000
2026-03-12 09:22:20.890,20260312,92220890,000009.SZ,516824,2,0,10.22,1800
2026-03-12 09:22:21.940,20260312,92221940,000009.SZ,517380,2,0,9.29,6900
2026-03-12 09:22:22.020,20260312,92222020,000009.SZ,517422,2,0,9.49,500
2026-03-12 09:22:25.400,20260312,92225400,000009.SZ,519165,1,0,9.0,500
2026-03-12 09:22:26.330,20260312,92226330,000009.SZ,519665,2,0,9.59,1200
2026-03-12 09:22:28.220,20260312,92228220,000009.SZ,520640,1,0,8.9,200
2026-03-12 09:22:30.660,20260312,92230660,000009.SZ,521996,2,0,9.57,4300
2026-03-12 09:22:32.360,20260312,92232360,000009.SZ,522867,1,0,9.31,100
2026-03-12 09:22:34.070,20260312,92234070,000009.SZ,523811,2,0,9.54,200
2026-03-12 09:22:34.480,20260312,92234480,000009.SZ,524061,1,0,9.28,1300
2026-03-12 09:22:35.630,20260312,92235630,000009.SZ,524700,2,0,9.45,1000
2026-03-12 09:22:37.430,20260312,92237430,000009.SZ,525662,2,0,10.2,2000
2026-03-12 09:22:38.700,20260312,92238700,000009.SZ,526327,2,0,10.2,4400
2026-03-12 09:22:38.920,20260312,92238920,000009.SZ,526455,1,0,9.23,6800
2026-03-12 09:22:39.380,20260312,92239380,000009.SZ,526693,2,0,10.1,100
2026-03-12 09:22:39.730,20260312,92239730,000009.SZ,526886,1,0,9.18,25000
2026-03-12 09:22:40.040,20260312,92240040,000009.SZ,527059,2,0,9.67,500
2026-03-12 09:22:40.090,20260312,92240090,000009.SZ,527090,2,0,10.22,1500
2026-03-12 09:22:40.350,20260312,92240350,000009.SZ,527224,1,0,8.81,5200
2026-03-12 09:22:41.140,20260312,92241140,000009.SZ,527660,2,0,10.22,1000
2026-03-12 09:22:41.400,20260312,92241400,000009.SZ,527813,2,0,9.29,5000
2026-03-12 09:22:43.840,20260312,92243840,000009.SZ,529128,2,0,9.55,300
2026-03-12 09:22:44.760,20260312,92244760,000009.SZ,529629,2,0,9.4,600
2026-03-12 09:22:45.800,20260312,92245800,000009.SZ,530172,2,0,9.38,5500
2026-03-12 09:22:46.170,20260312,92246170,000009.SZ,530386,1,0,9.1,1000
2026-03-12 09:22:46.500,20260312,92246500,000009.SZ,530562,1,0,8.8,1000
2026-03-12 09:22:51.250,20260312,92251250,000009.SZ,533102,2,0,10.16,1000
2026-03-12 09:22:51.700,20260312,92251700,000009.SZ,533360,2,0,8.36,700
2026-03-12 09:22:51.920,20260312,92251920,000009.SZ,533479,2,0,9.89,2200
2026-03-12 09:22:52.560,20260312,92252560,000009.SZ,533850,2,0,9.5,300
2026-03-12 09:22:52.570,20260312,92252570,000009.SZ,533855,2,0,9.45,600
2026-03-12 09:22:54.550,20260312,92254550,000009.SZ,534985,2,0,9.3,1000
2026-03-12 09:22:55.510,20260312,92255510,000009.SZ,535545,1,0,8.9,1500
2026-03-12 09:22:59.330,20260312,92259330,000009.SZ,537675,2,0,9.5,600
2026-03-12 09:23:01.560,20260312,92301560,000009.SZ,539004,2,0,9.3,600
2026-03-12 09:23:05.040,20260312,92305040,000009.SZ,541057,2,0,10.21,7000
2026-03-12 09:23:05.360,20260312,92305360,000009.SZ,541238,1,0,9.3,300
2026-03-12 09:23:06.040,20260312,92306040,000009.SZ,541611,2,0,9.71,1000
2026-03-12 09:23:07.870,20260312,92307870,000009.SZ,542675,2,0,9.85,300
2026-03-12 09:23:09.260,20260312,92309260,000009.SZ,543530,1,0,9.2,2000
2026-03-12 09:23:09.760,20260312,92309760,000009.SZ,543895,2,0,8.36,500
2026-03-12 09:23:10.830,20260312,92310830,000009.SZ,544553,1,0,9.3,2000
2026-03-12 09:23:11.790,20260312,92311790,000009.SZ,545123,1,0,9.16,3000
2026-03-12 09:23:14.510,20260312,92314510,000009.SZ,546668,2,0,9.41,6000
2026-03-12 09:23:14.690,20260312,92314690,000009.SZ,546780,2,0,9.38,10000
2026-03-12 09:23:15.390,20260312,92315390,000009.SZ,547184,2,0,10.22,500
2026-03-12 09:23:15.550,20260312,92315550,000009.SZ,547301,1,0,9.16,7000
2026-03-12 09:23:17.170,20260312,92317170,000009.SZ,548195,2,0,10.1,200
2026-03-12 09:23:17.520,20260312,92317520,000009.SZ,548393,2,0,8.36,1200
2026-03-12 09:23:17.540,20260312,92317540,000009.SZ,548405,1,0,9.18,2000
2026-03-12 09:23:19.770,20260312,92319770,000009.SZ,549857,1,0,9.01,500
2026-03-12 09:23:22.440,20260312,92322440,000009.SZ,551475,2,0,10.22,4500
2026-03-12 09:23:22.620,20260312,92322620,000009.SZ,551573,2,0,9.5,1000
2026-03-12 09:23:23.480,20260312,92323480,000009.SZ,552116,2,0,10.2,5700
2026-03-12 09:23:26.210,20260312,92326210,000009.SZ,553875,1,0,9.18,1300
2026-03-12 09:23:27.000,20260312,92327000,000009.SZ,554404,1,0,10.22,1200
2026-03-12 09:23:27.050,20260312,92327050,000009.SZ,554449,1,0,10.22,1200
2026-03-12 09:23:27.170,20260312,92327170,000009.SZ,554537,2,0,9.38,800
2026-03-12 09:23:28.770,20260312,92328770,000009.SZ,555605,1,0,9.3,1000
2026-03-12 09:23:29.370,20260312,92329370,000009.SZ,556002,2,0,9.88,1600
2026-03-12 09:23:31.050,20260312,92331050,000009.SZ,557095,2,0,9.29,10000
2026-03-12 09:23:31.280,20260312,92331280,000009.SZ,557246,1,0,9.32,1500
2026-03-12 09:23:32.560,20260312,92332560,000009.SZ,558036,2,0,9.68,500
2026-03-12 09:23:32.910,20260312,92332910,000009.SZ,558258,1,0,9.18,5000
2026-03-12 09:23:33.780,20260312,92333780,000009.SZ,558802,1,0,9.28,2000
2026-03-12 09:23:35.520,20260312,92335520,000009.SZ,559916,1,0,8.95,500
2026-03-12 09:23:36.240,20260312,92336240,000009.SZ,560393,2,0,10.2,1700
2026-03-12 09:23:36.480,20260312,92336480,000009.SZ,560576,2,0,10.18,4600
2026-03-12 09:23:36.980,20260312,92336980,000009.SZ,560889,2,0,9.39,10000
2026-03-12 09:23:44.250,20260312,92344250,000009.SZ,565591,2,0,9.3,100
2026-03-12 09:23:45.100,20260312,92345100,000009.SZ,566135,1,0,9.3,100
2026-03-12 09:23:45.200,20260312,92345200,000009.SZ,566215,1,0,9.08,100
2026-03-12 09:23:45.720,20260312,92345720,000009.SZ,566622,2,0,9.46,500
2026-03-12 09:23:47.390,20260312,92347390,000009.SZ,567831,1,0,9.21,2000
2026-03-12 09:23:48.350,20260312,92348350,000009.SZ,568482,2,0,9.29,2300
2026-03-12 09:23:49.320,20260312,92349320,000009.SZ,569159,2,0,10.22,1000
2026-03-12 09:23:52.540,20260312,92352540,000009.SZ,571341,2,0,9.3,1800
2026-03-12 09:23:54.350,20260312,92354350,000009.SZ,572550,1,0,9.12,3400
2026-03-12 09:23:58.020,20260312,92358020,000009.SZ,575083,1,0,9.0,10000
2026-03-12 09:24:00.100,20260312,92400100,000009.SZ,576735,1,0,9.75,300
2026-03-12 09:24:00.350,20260312,92400350,000009.SZ,576961,2,0,9.2,21100
2026-03-12 09:24:00.630,20260312,92400630,000009.SZ,577164,2,0,9.29,4000
2026-03-12 09:24:00.660,20260312,92400660,000009.SZ,577187,2,0,9.35,1000
2026-03-12 09:24:00.930,20260312,92400930,000009.SZ,577383,1,0,9.2,10000
2026-03-12 09:24:02.190,20260312,92402190,000009.SZ,578324,2,0,9.7,1000
2026-03-12 09:24:05.960,20260312,92405960,000009.SZ,581167,2,0,9.58,3600
2026-03-12 09:24:06.180,20260312,92406180,000009.SZ,581343,1,0,9.3,200
2026-03-12 09:24:07.530,20260312,92407530,000009.SZ,582458,2,0,10.2,500
2026-03-12 09:24:08.500,20260312,92408500,000009.SZ,583263,2,0,9.3,700
2026-03-12 09:24:10.350,20260312,92410350,000009.SZ,584754,2,0,9.28,2000
2026-03-12 09:24:11.010,20260312,92411010,000009.SZ,585332,2,0,8.36,7100
2026-03-12 09:24:15.500,20260312,92415500,000009.SZ,589280,1,0,9.11,600
2026-03-12 09:24:15.700,20260312,92415700,000009.SZ,589469,1,0,9.3,300
2026-03-12 09:24:17.870,20260312,92417870,000009.SZ,591405,2,0,10.22,10000
2026-03-12 09:24:20.170,20260312,92420170,000009.SZ,593622,2,0,9.6,1500
2026-03-12 09:24:20.760,20260312,92420760,000009.SZ,594201,2,0,10.22,100
2026-03-12 09:24:23.100,20260312,92423100,000009.SZ,596583,1,0,9.29,19500
2026-03-12 09:24:23.260,20260312,92423260,000009.SZ,596726,2,0,10.07,200
2026-03-12 09:24:24.020,20260312,92424020,000009.SZ,597443,2,0,10.22,1500
2026-03-12 09:24:24.210,20260312,92424210,000009.SZ,597630,1,0,9.0,500
2026-03-12 09:24:24.220,20260312,92424220,000009.SZ,597638,2,0,9.59,400
2026-03-12 09:24:25.480,20260312,92425480,000009.SZ,598859,2,0,9.25,3300
2026-03-12 09:24:26.280,20260312,92426280,000009.SZ,599658,2,0,9.99,10000
2026-03-12 09:24:26.750,20260312,92426750,000009.SZ,600064,2,0,10.22,7000
2026-03-12 09:24:27.330,20260312,92427330,000009.SZ,600611,2,0,9.3,2000
2026-03-12 09:24:27.970,20260312,92427970,000009.SZ,601262,2,0,9.4,5000
2026-03-12 09:24:32.410,20260312,92432410,000009.SZ,605849,2,0,10.1,1500
2026-03-12 09:24:36.100,20260312,92436100,000009.SZ,609536,2,0,9.29,7200
2026-03-12 09:24:36.430,20260312,92436430,000009.SZ,609952,1,0,9.3,1000
2026-03-12 09:24:37.370,20260312,92437370,000009.SZ,610931,2,0,9.45,5000
2026-03-12 09:24:40.400,20260312,92440400,000009.SZ,614591,2,0,10.0,100
2026-03-12 09:24:42.670,20260312,92442670,000009.SZ,616927,1,0,9.25,1400
2026-03-12 09:24:42.810,20260312,92442810,000009.SZ,617068,2,0,9.29,13000
2026-03-12 09:24:43.460,20260312,92443460,000009.SZ,617783,2,0,10.22,5000
2026-03-12 09:24:45.820,20260312,92445820,000009.SZ,620239,2,0,9.6,6000
2026-03-12 09:24:45.930,20260312,92445930,000009.SZ,620393,2,0,9.5,5000
2026-03-12 09:24:45.950,20260312,92445950,000009.SZ,620406,2,0,9.3,1200
2026-03-12 09:24:46.140,20260312,92446140,000009.SZ,620628,2,0,10.21,5300
2026-03-12 09:24:46.300,20260312,92446300,000009.SZ,620807,2,0,9.27,6100
2026-03-12 09:24:49.600,20260312,92449600,000009.SZ,625123,2,0,9.11,600
2026-03-12 09:24:51.320,20260312,92451320,000009.SZ,627998,1,0,10.22,5900
2026-03-12 09:24:51.680,20260312,92451680,000009.SZ,628505,2,0,10.1,10000
2026-03-12 09:24:52.160,20260312,92452160,000009.SZ,629231,1,0,9.43,100
2026-03-12 09:24:52.190,20260312,92452190,000009.SZ,629299,2,0,9.12,22900
2026-03-12 09:24:52.190,20260312,92452190,000009.SZ,629301,2,0,9.12,3000
2026-03-12 09:24:52.270,20260312,92452270,000009.SZ,629407,1,0,9.31,100
2026-03-12 09:24:53.030,20260312,92453030,000009.SZ,630537,1,0,9.42,3000
2026-03-12 09:24:53.910,20260312,92453910,000009.SZ,632052,1,0,9.11,1000
2026-03-12 09:24:54.140,20260312,92454140,000009.SZ,632396,1,0,9.58,200
2026-03-12 09:24:54.340,20260312,92454340,000009.SZ,632789,2,0,9.0,300
2026-03-12 09:24:54.760,20260312,92454760,000009.SZ,633449,2,0,9.6,5000
2026-03-12 09:24:54.890,20260312,92454890,000009.SZ,633665,1,0,9.38,100
2026-03-12 09:24:55.490,20260312,92455490,000009.SZ,634930,1,0,9.38,100
2026-03-12 09:24:55.770,20260312,92455770,000009.SZ,635551,1,0,9.38,200
2026-03-12 09:24:55.860,20260312,92455860,000009.SZ,635739,2,0,9.45,500
2026-03-12 09:24:55.940,20260312,92455940,000009.SZ,635944,1,0,9.34,200
2026-03-12 09:24:56.190,20260312,92456190,000009.SZ,636706,2,0,9.2,24300
2026-03-12 09:24:56.470,20260312,92456470,000009.SZ,637709,2,0,10.2,1000
2026-03-12 09:24:56.480,20260312,92456480,000009.SZ,637728,2,0,9.19,100
2026-03-12 09:24:57.060,20260312,92457060,000009.SZ,639378,2,0,9.29,1800
2026-03-12 09:24:57.110,20260312,92457110,000009.SZ,639524,1,0,9.38,100
2026-03-12 09:24:57.170,20260312,92457170,000009.SZ,639750,2,0,9.29,100
2026-03-12 09:24:57.170,20260312,92457170,000009.SZ,639751,2,0,9.29,100
2026-03-12 09:24:57.180,20260312,92457180,000009.SZ,639779,2,0,9.29,100
2026-03-12 09:24:57.190,20260312,92457190,000009.SZ,639808,1,0,9.29,100
2026-03-12 09:24:57.210,20260312,92457210,000009.SZ,639904,2,0,9.29,400
2026-03-12 09:24:57.330,20260312,92457330,000009.SZ,640299,2,0,10.22,700
2026-03-12 09:24:57.610,20260312,92457610,000009.SZ,641169,2,0,9.28,1200
2026-03-12 09:24:57.910,20260312,92457910,000009.SZ,642106,2,0,9.5,300
2026-03-12 09:24:58.130,20260312,92458130,000009.SZ,642779,2,0,9.2,10800
2026-03-12 09:24:58.620,20260312,92458620,000009.SZ,645030,2,0,9.6,2000
2026-03-12 09:24:59.520,20260312,92459520,000009.SZ,648761,2,0,9.14,3500
2026-03-12 09:24:59.640,20260312,92459640,000009.SZ,649938,2,0,9.05,3500
2026-03-12 09:24:59.640,20260312,92459640,000009.SZ,649940,2,0,9.05,3000
2026-03-12 09:24:59.780,20260312,92459780,000009.SZ,651080,2,0,9.27,14100
2026-03-12 09:30:00.030,20260312,93000030,000009.SZ,758967,2,0,9.25,2000
2026-03-12 09:30:00.030,20260312,93000030,000009.SZ,760962,2,0,9.46,40200
2026-03-12 09:30:00.040,20260312,93000040,000009.SZ,764020,2,0,9.27,100
2026-03-12 09:30:00.040,20260312,93000040,000009.SZ,764024,2,0,10.22,7000
2026-03-12 09:30:00.040,20260312,93000040,000009.SZ,765029,2,0,9.27,10300
2026-03-12 09:30:00.040,20260312,93000040,000009.SZ,765534,1,0,9.28,2000
2026-03-12 09:30:00.040,20260312,93000040,000009.SZ,766068,1,0,8.95,1000
2026-03-12 09:30:00.040,20260312,93000040,000009.SZ,767461,2,0,9.5,1000
2026-03-12 09:30:00.040,20260312,93000040,000009.SZ,767555,1,0,9.2,1500
2026-03-12 09:30:00.040,20260312,93000040,000009.SZ,768706,2,0,9.48,2000
2026-03-12 09:30:00.050,20260312,93000050,000009.SZ,770323,1,0,9.23,100
2026-03-12 09:30:00.050,20260312,93000050,000009.SZ,770683,1,0,9.27,1000
2026-03-12 09:30:00.050,20260312,93000050,000009.SZ,772431,1,0,9.12,500
2026-03-12 09:30:00.050,20260312,93000050,000009.SZ,773450,1,0,9.27,5100
2026-03-12 09:30:00.050,20260312,93000050,000009.SZ,773633,2,0,9.28,45500
2026-03-12 09:30:00.050,20260312,93000050,000009.SZ,773672,1,0,9.2,200
2026-03-12 09:30:00.050,20260312,93000050,000009.SZ,774163,1,0,9.26,1000
2026-03-12 09:30:00.050,20260312,93000050,000009.SZ,774260,2,0,9.78,1700
2026-03-12 09:30:00.060,20260312,93000060,000009.SZ,776495,2,0,9.46,10000
2026-03-12 09:30:00.060,20260312,93000060,000009.SZ,776896,1,0,9.0,500
2026-03-12 09:30:00.060,20260312,93000060,000009.SZ,778906,2,0,10.22,500
2026-03-12 09:30:00.060,20260312,93000060,000009.SZ,779230,1,0,9.28,300
2026-03-12 09:30:00.060,20260312,93000060,000009.SZ,781024,1,0,9.03,100
2026-03-12 09:30:00.070,20260312,93000070,000009.SZ,783738,2,0,9.27,100
2026-03-12 09:30:00.070,20260312,93000070,000009.SZ,785406,1,0,9.28,100
2026-03-12 09:30:00.080,20260312,93000080,000009.SZ,789197,1,0,9.13,1000
2026-03-12 09:30:00.080,20260312,93000080,000009.SZ,790148,1,0,9.11,1000
2026-03-12 09:30:00.090,20260312,93000090,000009.SZ,794623,1,0,9.09,1000
2026-03-12 09:30:00.090,20260312,93000090,000009.SZ,795178,1,0,9.07,1000
2026-03-12 09:30:00.090,20260312,93000090,000009.SZ,796236,1,0,9.06,5000
2026-03-12 09:30:00.100,20260312,93000100,000009.SZ,801108,1,0,9.19,500
2026-03-12 09:30:00.100,20260312,93000100,000009.SZ,801591,1,0,9.28,100
2026-03-12 09:30:00.100,20260312,93000100,000009.SZ,802115,2,0,9.25,18800
2026-03-12 09:30:00.100,20260312,93000100,000009.SZ,803364,1,0,9.18,1000
2026-03-12 09:30:00.100,20260312,93000100,000009.SZ,805560,2,0,9.25,1700
2026-03-12 09:30:00.110,20260312,93000110,000009.SZ,807320,2,0,9.28,1600
2026-03-12 09:30:00.110,20260312,93000110,000009.SZ,807587,2,0,9.37,2500
2026-03-12 09:30:00.110,20260312,93000110,000009.SZ,809123,2,0,9.48,2500
2026-03-12 09:30:00.110,20260312,93000110,000009.SZ,810174,2,0,9.87,1600
2026-03-12 09:30:00.120,20260312,93000120,000009.SZ,814103,2,0,9.25,2200
2026-03-12 09:30:00.120,20260312,93000120,000009.SZ,815085,2,0,9.38,2000
2026-03-12 09:30:00.120,20260312,93000120,000009.SZ,815716,2,0,9.46,2000
2026-03-12 09:30:00.120,20260312,93000120,000009.SZ,816609,2,0,9.21,4100
2026-03-12 09:30:00.120,20260312,93000120,000009.SZ,817068,2,0,9.38,2000
2026-03-12 09:30:00.120,20260312,93000120,000009.SZ,817365,2,0,9.27,1000
2026-03-12 09:30:00.120,20260312,93000120,000009.SZ,817636,2,0,9.45,2400
2026-03-12 09:30:00.120,20260312,93000120,000009.SZ,818092,2,0,9.26,1200
2026-03-12 09:30:00.130,20260312,93000130,000009.SZ,818761,1,0,9.28,300
2026-03-12 09:30:00.140,20260312,93000140,000009.SZ,826586,1,0,9.19,1100
2026-03-12 09:30:00.140,20260312,93000140,000009.SZ,828512,2,0,9.1,100
2026-03-12 09:30:00.140,20260312,93000140,000009.SZ,828836,1,0,9.18,5000
2026-03-12 09:30:00.150,20260312,93000150,000009.SZ,832584,2,0,9.27,1000
2026-03-12 09:30:00.150,20260312,93000150,000009.SZ,832999,2,0,9.72,1000
2026-03-12 09:30:00.150,20260312,93000150,000009.SZ,833455,2,0,9.92,1600
2026-03-12 09:30:00.150,20260312,93000150,000009.SZ,833896,2,0,9.6,700
2026-03-12 09:30:00.150,20260312,93000150,000009.SZ,834314,2,0,9.28,3000
2026-03-12 09:30:00.150,20260312,93000150,000009.SZ,834967,2,0,9.42,1000
2026-03-12 09:30:00.150,20260312,93000150,000009.SZ,836298,2,0,10.21,3000
2026-03-12 09:30:00.160,20260312,93000160,000009.SZ,838028,1,0,9.19,100
2026-03-12 09:30:00.160,20260312,93000160,000009.SZ,840631,1,0,9.27,1000
2026-03-12 09:30:00.170,20260312,93000170,000009.SZ,845326,1,0,9.26,6000
2026-03-12 09:30:00.180,20260312,93000180,000009.SZ,848108,2,0,9.27,1000
2026-03-12 09:30:00.180,20260312,93000180,000009.SZ,849997,1,0,9.22,1500
2026-03-12 09:30:00.190,20260312,93000190,000009.SZ,853784,1,0,9.2,2000
2026-03-12 09:30:00.190,20260312,93000190,000009.SZ,855123,2,0,9.5,5700
2026-03-12 09:30:00.190,20260312,93000190,000009.SZ,855967,2,0,9.41,600
2026-03-12 09:30:00.190,20260312,93000190,000009.SZ,856169,1,0,9.28,200
2026-03-12 09:30:00.190,20260312,93000190,000009.SZ,857643,2,0,9.69,2000
2026-03-12 09:30:00.200,20260312,93000200,000009.SZ,858566,1,0,9.11,10000
2026-03-12 09:30:00.200,20260312,93000200,000009.SZ,859205,2,0,9.8,5000
2026-03-12 09:30:00.200,20260312,93000200,000009.SZ,860591,1,0,8.82,1000
2026-03-12 09:30:00.210,20260312,93000210,000009.SZ,862813,2,0,9.28,200
2026-03-12 09:30:00.210,20260312,93000210,000009.SZ,864911,2,0,9.27,600
2026-03-12 09:30:00.210,20260312,93000210,000009.SZ,865145,1,0,9.03,1000
2026-03-12 09:30:00.210,20260312,93000210,000009.SZ,866703,1,0,9.01,1000
2026-03-12 09:30:00.210,20260312,93000210,000009.SZ,867034,2,0,9.97,1100
2026-03-12 09:30:00.220,20260312,93000220,000009.SZ,867373,1,0,9.18,5000
2026-03-12 09:30:00.220,20260312,93000220,000009.SZ,867382,1,0,8.99,1000
2026-03-12 09:30:00.220,20260312,93000220,000009.SZ,867461,2,0,9.37,4500
2026-03-12 09:30:00.220,20260312,93000220,000009.SZ,868072,1,0,8.97,1000
2026-03-12 09:30:00.220,20260312,93000220,000009.SZ,868659,2,0,9.27,93700
2026-03-12 09:30:00.220,20260312,93000220,000009.SZ,869812,1,0,9.11,500
2026-03-12 09:30:00.230,20260312,93000230,000009.SZ,873572,2,0,9.54,500
2026-03-12 09:30:00.230,20260312,93000230,000009.SZ,873900,2,0,9.43,500
2026-03-12 09:30:00.230,20260312,93000230,000009.SZ,874906,2,0,10.22,100
2026-03-12 09:30:00.230,20260312,93000230,000009.SZ,874929,1,0,9.2,800
2026-03-12 09:30:00.250,20260312,93000250,000009.SZ,881106,1,0,9.2,2100
2026-03-12 09:30:00.250,20260312,93000250,000009.SZ,881598,1,0,9.19,100
2026-03-12 09:30:00.250,20260312,93000250,000009.SZ,882820,2,0,9.31,2200
2026-03-12 09:30:00.260,20260312,93000260,000009.SZ,884257,1,0,8.95,1000
2026-03-12 09:30:00.260,20260312,93000260,000009.SZ,885127,2,0,9.35,700
2026-03-12 09:30:00.260,20260312,93000260,000009.SZ,885461,2,0,9.7,5000
2026-03-12 09:30:00.270,20260312,93000270,000009.SZ,888464,2,0,9.28,2000
2026-03-12 09:30:00.270,20260312,93000270,000009.SZ,888630,2,0,9.6,6000
2026-03-12 09:30:00.270,20260312,93000270,000009.SZ,890249,1,0,9.01,10000
2026-03-12 09:30:00.270,20260312,93000270,000009.SZ,890271,1,0,9.23,300
2026-03-12 09:30:00.270,20260312,93000270,000009.SZ,890436,1,0,9.17,1900
2026-03-12 09:30:00.290,20260312,93000290,000009.SZ,894748,2,0,9.28,300
2026-03-12 09:30:00.290,20260312,93000290,000009.SZ,894845,1,0,9.15,2000
2026-03-12 09:30:00.290,20260312,93000290,000009.SZ,894909,2,0,9.35,600
2026-03-12 09:30:00.300,20260312,93000300,000009.SZ,897259,2,0,9.38,1700
2026-03-12 09:30:00.300,20260312,93000300,000009.SZ,897351,2,0,9.27,1000
2026-03-12 09:30:00.300,20260312,93000300,000009.SZ,898703,1,0,9.23,6200
2026-03-12 09:30:00.300,20260312,93000300,000009.SZ,899418,1,0,9.25,200
2026-03-12 09:30:00.310,20260312,93000310,000009.SZ,901546,2,0,9.49,1700
2026-03-12 09:30:00.320,20260312,93000320,000009.SZ,903302,1,0,9.08,5000
2026-03-12 09:30:00.320,20260312,93000320,000009.SZ,903584,2,0,9.28,2700
2026-03-12 09:30:00.320,20260312,93000320,000009.SZ,904341,1,0,9.2,10400
2026-03-12 09:30:00.330,20260312,93000330,000009.SZ,905895,1,0,9.1,1000
2026-03-12 09:30:00.330,20260312,93000330,000009.SZ,906570,2,0,9.29,100
2026-03-12 09:30:00.330,20260312,93000330,000009.SZ,906571,2,0,9.29,900
2026-03-12 09:30:00.330,20260312,93000330,000009.SZ,907619,1,0,9.17,1000
2026-03-12 09:30:00.330,20260312,93000330,000009.SZ,907848,1,0,9.15,1000
2026-03-12 09:30:00.340,20260312,93000340,000009.SZ,908418,1,0,9.01,1000
2026-03-12 09:30:00.350,20260312,93000350,000009.SZ,910733,1,0,9.21,4000
2026-03-12 09:30:00.350,20260312,93000350,000009.SZ,912643,1,0,9.08,1000
2026-03-12 09:30:00.350,20260312,93000350,000009.SZ,912679,2,0,10.22,7900
2026-03-12 09:30:00.360,20260312,93000360,000009.SZ,914905,2,0,9.57,2000
2026-03-12 09:30:00.360,20260312,93000360,000009.SZ,914921,2,0,10.22,500
2026-03-12 09:30:00.380,20260312,93000380,000009.SZ,918342,2,0,9.7,500
2026-03-12 09:30:00.380,20260312,93000380,000009.SZ,918469,1,0,9.2,2000
2026-03-12 09:30:00.380,20260312,93000380,000009.SZ,919939,2,0,10.22,600
2026-03-12 09:30:00.390,20260312,93000390,000009.SZ,920310,2,0,9.28,800
2026-03-12 09:30:00.390,20260312,93000390,000009.SZ,921452,1,0,9.24,2000
2026-03-12 09:30:00.390,20260312,93000390,000009.SZ,921738,2,0,10.22,3000
2026-03-12 09:30:00.410,20260312,93000410,000009.SZ,925062,1,0,9.26,5000
2026-03-12 09:30:00.420,20260312,93000420,000009.SZ,927104,1,0,9.16,2100
2026-03-12 09:30:00.420,20260312,93000420,000009.SZ,927205,2,0,10.22,500
2026-03-12 09:30:00.420,20260312,93000420,000009.SZ,928148,2,0,9.27,200
2026-03-12 09:30:00.420,20260312,93000420,000009.SZ,928971,1,0,9.27,200
2026-03-12 09:30:00.430,20260312,93000430,000009.SZ,929207,1,0,9.27,100
2026-03-12 09:30:00.450,20260312,93000450,000009.SZ,933445,1,0,9.2,3000
2026-03-12 09:30:00.450,20260312,93000450,000009.SZ,933634,1,0,9.18,1000
2026-03-12 09:30:00.450,20260312,93000450,000009.SZ,934216,2,0,9.27,500
2026-03-12 09:30:00.460,20260312,93000460,000009.SZ,935675,1,0,8.8,500
2026-03-12 09:30:00.460,20260312,93000460,000009.SZ,936490,2,0,9.26,100
2026-03-12 09:30:00.470,20260312,93000470,000009.SZ,938445,1,0,9.25,2000
2026-03-12 09:30:00.480,20260312,93000480,000009.SZ,941640,1,0,9.2,7000
2026-03-12 09:30:00.490,20260312,93000490,000009.SZ,942025,1,0,9.09,500
2026-03-12 09:30:00.500,20260312,93000500,000009.SZ,945171,1,0,9.23,100
2026-03-12 09:30:00.510,20260312,93000510,000009.SZ,946365,1,0,9.25,1100
2026-03-12 09:30:00.510,20260312,93000510,000009.SZ,947293,1,0,9.13,1000
2026-03-12 09:30:00.510,20260312,93000510,000009.SZ,947805,2,0,9.27,1000
2026-03-12 09:30:00.520,20260312,93000520,000009.SZ,948184,2,0,9.66,1000
2026-03-12 09:30:00.520,20260312,93000520,000009.SZ,949516,2,0,10.22,3500
2026-03-12 09:30:00.520,20260312,93000520,000009.SZ,950332,2,0,9.8,1000
2026-03-12 09:30:00.530,20260312,93000530,000009.SZ,950390,2,0,9.48,800
2026-03-12 09:30:00.530,20260312,93000530,000009.SZ,950444,2,0,9.58,3000
2026-03-12 09:30:00.530,20260312,93000530,000009.SZ,950501,2,0,9.49,1000
2026-03-12 09:30:00.530,20260312,93000530,000009.SZ,950718,1,0,9.2,400
2026-03-12 09:30:00.540,20260312,93000540,000009.SZ,952879,2,0,10.2,10000
2026-03-12 09:30:00.540,20260312,93000540,000009.SZ,954196,1,0,9.15,1000
2026-03-12 09:30:00.540,20260312,93000540,000009.SZ,954607,2,0,9.68,500
2026-03-12 09:30:00.540,20260312,93000540,000009.SZ,954884,2,0,9.51,500
2026-03-12 09:30:00.540,20260312,93000540,000009.SZ,954894,1,0,9.28,2000
2026-03-12 09:30:00.550,20260312,93000550,000009.SZ,955764,1,0,9.23,2000
2026-03-12 09:30:00.550,20260312,93000550,000009.SZ,955909,1,0,9.3,3100
2026-03-12 09:30:00.560,20260312,93000560,000009.SZ,958100,1,0,9.3,500
2026-03-12 09:30:00.560,20260312,93000560,000009.SZ,958522,2,0,9.38,1000
2026-03-12 09:30:00.570,20260312,93000570,000009.SZ,959277,1,0,9.25,3000
2026-03-12 09:30:00.570,20260312,93000570,000009.SZ,960256,1,0,9.25,200
2026-03-12 09:30:00.570,20260312,93000570,000009.SZ,961056,2,0,10.2,4000
2026-03-12 09:30:00.580,20260312,93000580,000009.SZ,962376,2,0,9.57,3000
2026-03-12 09:30:00.590,20260312,93000590,000009.SZ,964384,2,0,9.31,10100
2026-03-12 09:30:00.590,20260312,93000590,000009.SZ,964650,1,0,9.33,200
2026-03-12 09:30:00.590,20260312,93000590,000009.SZ,965339,2,0,9.29,200
2026-03-12 09:30:00.610,20260312,93000610,000009.SZ,968480,2,0,9.5,100
2026-03-12 09:30:00.620,20260312,93000620,000009.SZ,970780,2,0,10.22,500
2026-03-12 09:30:00.620,20260312,93000620,000009.SZ,971545,2,0,9.3,2600
2026-03-12 09:30:00.620,20260312,93000620,000009.SZ,971626,2,0,9.73,2100
2026-03-12 09:30:00.630,20260312,93000630,000009.SZ,972516,2,0,9.37,6000
2026-03-12 09:30:00.630,20260312,93000630,000009.SZ,974091,1,0,9.25,300
2026-03-12 09:30:00.630,20260312,93000630,000009.SZ,974092,1,0,9.24,1000
2026-03-12 09:30:00.640,20260312,93000640,000009.SZ,975604,1,0,9.23,1000
2026-03-12 09:30:00.650,20260312,93000650,000009.SZ,976076,1,0,9.25,600
