timestamp,date,stamp,code,order_no,bs_flag,order_type,order_price,order_volume
2026-03-16 09:15:00.030,20260316,91500030,000009.SZ,880,2,0,10.05,100
2026-03-16 09:15:00.030,20260316,91500030,000009.SZ,961,2,0,10.42,3500
2026-03-16 09:15:00.030,20260316,91500030,000009.SZ,1156,2,0,10.0,4000
2026-03-16 09:15:00.030,20260316,91500030,000009.SZ,1158,2,0,9.8,1000
2026-03-16 09:15:00.030,20260316,91500030,000009.SZ,1159,2,0,9.82,2000
2026-03-16 09:15:00.030,20260316,91500030,000009.SZ,1166,2,0,9.78,10000
2026-03-16 09:15:00.030,20260316,91500030,000009.SZ,1167,2,0,9.82,10000
2026-03-16 09:15:00.040,20260316,91500040,000009.SZ,1310,2,0,9.66,1500
2026-03-16 09:15:00.040,20260316,91500040,000009.SZ,1311,2,0,9.77,1500
2026-03-16 09:15:00.040,20260316,91500040,000009.SZ,1348,2,0,9.88,1500
2026-03-16 09:15:00.040,20260316,91500040,000009.SZ,1413,2,0,10.11,1000
2026-03-16 09:15:00.040,20260316,91500040,000009.SZ,1415,1,0,9.11,2000
2026-03-16 09:15:00.040,20260316,91500040,000009.SZ,2764,2,0,9.7,100
2026-03-16 09:15:00.040,20260316,91500040,000009.SZ,2770,2,0,10.15,100
2026-03-16 09:15:00.040,20260316,91500040,000009.SZ,3949,2,0,10.42,1000
2026-03-16 09:15:00.040,20260316,91500040,000009.SZ,3971,1,0,9.47,10000
2026-03-16 09:15:00.050,20260316,91500050,000009.SZ,5354,1,0,9.33,500
2026-03-16 09:15:00.050,20260316,91500050,000009.SZ,5690,2,0,9.64,600
2026-03-16 09:15:00.050,20260316,91500050,000009.SZ,6000,1,0,9.47,200
2026-03-16 09:15:00.050,20260316,91500050,000009.SZ,6062,1,0,9.47,400
2026-03-16 09:15:00.050,20260316,91500050,000009.SZ,6486,2,0,9.8,100
2026-03-16 09:15:00.050,20260316,91500050,000009.SZ,6487,2,0,10.2,100
2026-03-16 09:15:00.050,20260316,91500050,000009.SZ,6847,2,0,10.42,3000
2026-03-16 09:15:00.050,20260316,91500050,000009.SZ,7893,2,0,9.8,200
2026-03-16 09:15:00.060,20260316,91500060,000009.SZ,8167,2,0,10.42,100000
2026-03-16 09:15:00.060,20260316,91500060,000009.SZ,8179,2,0,9.55,3100
2026-03-16 09:15:00.060,20260316,91500060,000009.SZ,9673,2,0,9.72,1700
2026-03-16 09:15:00.060,20260316,91500060,000009.SZ,10108,2,0,9.79,500
2026-03-16 09:15:00.060,20260316,91500060,000009.SZ,10420,2,0,9.66,100
2026-03-16 09:15:00.060,20260316,91500060,000009.SZ,10789,2,0,9.45,500
2026-03-16 09:15:00.060,20260316,91500060,000009.SZ,11225,1,0,9.47,600
2026-03-16 09:15:00.060,20260316,91500060,000009.SZ,11360,1,0,9.48,700
2026-03-16 09:15:00.060,20260316,91500060,000009.SZ,11677,2,0,9.99,1500
2026-03-16 09:15:00.060,20260316,91500060,000009.SZ,11784,2,0,9.62,5000
2026-03-16 09:15:00.060,20260316,91500060,000009.SZ,11809,1,0,9.0,100
2026-03-16 09:15:00.070,20260316,91500070,000009.SZ,13442,1,0,9.47,200
2026-03-16 09:15:00.070,20260316,91500070,000009.SZ,14458,1,0,9.48,800
2026-03-16 09:15:00.070,20260316,91500070,000009.SZ,15031,1,0,9.33,2000
2026-03-16 09:15:00.070,20260316,91500070,000009.SZ,15886,1,0,9.15,2600
2026-03-16 09:15:00.070,20260316,91500070,000009.SZ,15908,2,0,10.33,38100
2026-03-16 09:15:00.070,20260316,91500070,000009.SZ,16091,2,0,10.38,1100
2026-03-16 09:15:00.070,20260316,91500070,000009.SZ,16164,2,0,10.36,1000
2026-03-16 09:15:00.080,20260316,91500080,000009.SZ,16951,1,0,9.35,300
2026-03-16 09:15:00.080,20260316,91500080,000009.SZ,17176,1,0,9.1,500
2026-03-16 09:15:00.080,20260316,91500080,000009.SZ,17449,2,0,10.42,1000
2026-03-16 09:15:00.080,20260316,91500080,000009.SZ,17797,1,0,9.16,600
2026-03-16 09:15:00.080,20260316,91500080,000009.SZ,19108,2,0,10.42,100
2026-03-16 09:15:00.080,20260316,91500080,000009.SZ,19122,2,0,9.7,1000
2026-03-16 09:15:00.080,20260316,91500080,000009.SZ,19123,2,0,9.82,1000
2026-03-16 09:15:00.080,20260316,91500080,000009.SZ,19124,2,0,10.06,1000
2026-03-16 09:15:00.080,20260316,91500080,000009.SZ,19125,1,0,9.37,1000
2026-03-16 09:15:00.090,20260316,91500090,000009.SZ,21178,2,0,10.41,2000
2026-03-16 09:15:00.090,20260316,91500090,000009.SZ,21548,2,0,10.4,100
2026-03-16 09:15:00.090,20260316,91500090,000009.SZ,21549,2,0,10.3,100
2026-03-16 09:15:00.090,20260316,91500090,000009.SZ,21932,2,0,10.01,300
2026-03-16 09:15:00.090,20260316,91500090,000009.SZ,22437,1,0,9.45,1000
2026-03-16 09:15:00.100,20260316,91500100,000009.SZ,22753,2,0,9.88,700
2026-03-16 09:15:00.100,20260316,91500100,000009.SZ,22920,2,0,9.99,500
2026-03-16 09:15:00.100,20260316,91500100,000009.SZ,22990,2,0,10.42,200
2026-03-16 09:15:00.100,20260316,91500100,000009.SZ,22997,2,0,10.35,100
2026-03-16 09:15:00.100,20260316,91500100,000009.SZ,23023,2,0,10.29,100
2026-03-16 09:15:00.100,20260316,91500100,000009.SZ,23024,2,0,10.19,100
2026-03-16 09:15:00.100,20260316,91500100,000009.SZ,23055,2,0,10.09,100
2026-03-16 09:15:00.100,20260316,91500100,000009.SZ,23234,2,0,10.38,600
2026-03-16 09:15:00.100,20260316,91500100,000009.SZ,23243,1,0,9.46,200
2026-03-16 09:15:00.100,20260316,91500100,000009.SZ,23253,1,0,9.17,500
2026-03-16 09:15:00.100,20260316,91500100,000009.SZ,23507,1,0,10.42,9100
2026-03-16 09:15:00.100,20260316,91500100,000009.SZ,23625,1,0,8.97,500
2026-03-16 09:15:00.100,20260316,91500100,000009.SZ,23627,2,0,9.69,6000
2026-03-16 09:15:00.100,20260316,91500100,000009.SZ,23640,2,0,9.79,2000
2026-03-16 09:15:00.100,20260316,91500100,000009.SZ,23641,2,0,10.42,2000
2026-03-16 09:15:00.100,20260316,91500100,000009.SZ,23642,2,0,9.69,2000
2026-03-16 09:15:00.100,20260316,91500100,000009.SZ,23643,2,0,9.79,4000
2026-03-16 09:15:00.100,20260316,91500100,000009.SZ,23644,2,0,10.42,2000
2026-03-16 09:15:00.100,20260316,91500100,000009.SZ,23645,2,0,9.69,10000
2026-03-16 09:15:00.100,20260316,91500100,000009.SZ,23646,2,0,9.79,20000
2026-03-16 09:15:00.100,20260316,91500100,000009.SZ,23647,2,0,9.99,2000
2026-03-16 09:15:00.100,20260316,91500100,000009.SZ,23649,2,0,10.2,2000
2026-03-16 09:15:00.100,20260316,91500100,000009.SZ,23650,2,0,10.42,2000
2026-03-16 09:15:00.100,20260316,91500100,000009.SZ,23651,2,0,9.69,10000
2026-03-16 09:15:00.100,20260316,91500100,000009.SZ,23652,2,0,9.79,20000
2026-03-16 09:15:00.100,20260316,91500100,000009.SZ,23653,2,0,9.99,2000
2026-03-16 09:15:00.100,20260316,91500100,000009.SZ,23654,2,0,10.2,2000
2026-03-16 09:15:00.100,20260316,91500100,000009.SZ,23655,2,0,10.42,2000
2026-03-16 09:15:00.100,20260316,91500100,000009.SZ,23707,2,0,9.79,4000
2026-03-16 09:15:00.100,20260316,91500100,000009.SZ,23708,2,0,10.42,2000
2026-03-16 09:15:00.100,20260316,91500100,000009.SZ,23973,2,0,9.82,400
2026-03-16 09:15:00.100,20260316,91500100,000009.SZ,23974,2,0,10.42,500
2026-03-16 09:15:00.100,20260316,91500100,000009.SZ,24142,2,0,10.22,100
2026-03-16 09:15:00.100,20260316,91500100,000009.SZ,25170,1,0,9.06,1300
2026-03-16 09:15:00.110,20260316,91500110,000009.SZ,25400,1,0,8.88,300
2026-03-16 09:15:00.110,20260316,91500110,000009.SZ,25652,2,0,9.88,1400
2026-03-16 09:15:00.110,20260316,91500110,000009.SZ,26291,1,0,9.1,100
2026-03-16 09:15:00.110,20260316,91500110,000009.SZ,26646,2,0,9.99,2000
2026-03-16 09:15:00.110,20260316,91500110,000009.SZ,26727,1,0,9.2,300
2026-03-16 09:15:00.110,20260316,91500110,000009.SZ,28741,2,0,10.32,100
2026-03-16 09:15:00.110,20260316,91500110,000009.SZ,29094,2,0,9.98,700
2026-03-16 09:15:00.110,20260316,91500110,000009.SZ,29096,1,0,8.95,600
2026-03-16 09:15:00.120,20260316,91500120,000009.SZ,30375,2,0,10.42,5000
2026-03-16 09:15:00.120,20260316,91500120,000009.SZ,31389,1,0,9.47,15000
2026-03-16 09:15:00.120,20260316,91500120,000009.SZ,31835,1,0,9.18,1000
2026-03-16 09:15:00.120,20260316,91500120,000009.SZ,31861,2,0,10.38,300
2026-03-16 09:15:00.120,20260316,91500120,000009.SZ,32623,2,0,10.42,13700
2026-03-16 09:15:00.120,20260316,91500120,000009.SZ,32749,2,0,10.41,1000
2026-03-16 09:15:00.130,20260316,91500130,000009.SZ,33578,1,0,8.76,300
2026-03-16 09:15:00.130,20260316,91500130,000009.SZ,33977,1,0,9.16,1200
2026-03-16 09:15:00.130,20260316,91500130,000009.SZ,34575,2,0,10.4,20900
2026-03-16 09:15:00.130,20260316,91500130,000009.SZ,34651,2,0,9.69,4000
2026-03-16 09:15:00.130,20260316,91500130,000009.SZ,35030,2,0,9.71,200
2026-03-16 09:15:00.130,20260316,91500130,000009.SZ,35031,2,0,9.95,200
2026-03-16 09:15:00.130,20260316,91500130,000009.SZ,35032,2,0,10.18,200
2026-03-16 09:15:00.130,20260316,91500130,000009.SZ,35033,2,0,10.42,200
2026-03-16 09:15:00.130,20260316,91500130,000009.SZ,35651,1,0,8.55,300
2026-03-16 09:15:00.130,20260316,91500130,000009.SZ,36010,2,0,10.18,4900
2026-03-16 09:15:00.130,20260316,91500130,000009.SZ,36106,2,0,9.8,10000
2026-03-16 09:15:00.130,20260316,91500130,000009.SZ,36107,2,0,9.9,10000
2026-03-16 09:15:00.130,20260316,91500130,000009.SZ,36108,2,0,10.0,10000
2026-03-16 09:15:00.130,20260316,91500130,000009.SZ,36109,2,0,10.1,10000
2026-03-16 09:15:00.130,20260316,91500130,000009.SZ,36110,2,0,10.2,10000
2026-03-16 09:15:00.130,20260316,91500130,000009.SZ,36111,2,0,10.3,5000
2026-03-16 09:15:00.130,20260316,91500130,000009.SZ,36113,2,0,10.0,10000
2026-03-16 09:15:00.130,20260316,91500130,000009.SZ,36114,2,0,10.1,5000
2026-03-16 09:15:00.130,20260316,91500130,000009.SZ,36116,2,0,10.2,5000
2026-03-16 09:15:00.140,20260316,91500140,000009.SZ,37689,2,0,9.74,6000
2026-03-16 09:15:00.140,20260316,91500140,000009.SZ,37690,2,0,9.66,4000
2026-03-16 09:15:00.140,20260316,91500140,000009.SZ,39237,2,0,10.05,400
2026-03-16 09:15:00.140,20260316,91500140,000009.SZ,39606,1,0,9.11,10000
2026-03-16 09:15:00.140,20260316,91500140,000009.SZ,39719,2,0,10.42,1000
2026-03-16 09:15:00.140,20260316,91500140,000009.SZ,39811,1,0,9.47,300
2026-03-16 09:15:00.140,20260316,91500140,000009.SZ,40563,1,0,9.0,100
2026-03-16 09:15:00.140,20260316,91500140,000009.SZ,40805,1,0,10.42,1000
2026-03-16 09:15:00.140,20260316,91500140,000009.SZ,40926,1,0,9.29,4000
2026-03-16 09:15:00.140,20260316,91500140,000009.SZ,41017,2,0,9.79,2000
2026-03-16 09:15:00.150,20260316,91500150,000009.SZ,41297,1,0,9.49,200
2026-03-16 09:15:00.150,20260316,91500150,000009.SZ,41536,1,0,9.36,1500
2026-03-16 09:15:00.150,20260316,91500150,000009.SZ,42024,2,0,9.8,200
2026-03-16 09:15:00.150,20260316,91500150,000009.SZ,42364,1,0,9.38,300
2026-03-16 09:15:00.150,20260316,91500150,000009.SZ,43501,2,0,10.18,4500
2026-03-16 09:15:00.150,20260316,91500150,000009.SZ,43502,2,0,10.18,3000
2026-03-16 09:15:00.160,20260316,91500160,000009.SZ,44692,2,0,10.42,200
2026-03-16 09:15:00.160,20260316,91500160,000009.SZ,45469,2,0,10.0,200
2026-03-16 09:15:00.160,20260316,91500160,000009.SZ,45536,2,0,10.25,600
2026-03-16 09:15:00.160,20260316,91500160,000009.SZ,45554,2,0,10.42,5000
2026-03-16 09:15:00.160,20260316,91500160,000009.SZ,45710,2,0,10.23,600
2026-03-16 09:15:00.160,20260316,91500160,000009.SZ,46061,2,0,9.94,1600
2026-03-16 09:15:00.160,20260316,91500160,000009.SZ,46062,2,0,9.8,500
2026-03-16 09:15:00.160,20260316,91500160,000009.SZ,46112,2,0,10.38,600
2026-03-16 09:15:00.170,20260316,91500170,000009.SZ,47437,2,0,9.69,500
2026-03-16 09:15:00.170,20260316,91500170,000009.SZ,47438,2,0,9.79,1000
2026-03-16 09:15:00.170,20260316,91500170,000009.SZ,47439,2,0,9.99,2000
2026-03-16 09:15:00.170,20260316,91500170,000009.SZ,47440,2,0,10.2,2000
2026-03-16 09:15:00.170,20260316,91500170,000009.SZ,47632,1,0,9.48,1000
2026-03-16 09:15:00.170,20260316,91500170,000009.SZ,47796,2,0,10.41,1100
2026-03-16 09:15:00.170,20260316,91500170,000009.SZ,48275,2,0,10.01,1000
2026-03-16 09:15:00.170,20260316,91500170,000009.SZ,48477,2,0,9.82,500
2026-03-16 09:15:00.170,20260316,91500170,000009.SZ,48478,2,0,10.1,500
2026-03-16 09:15:00.170,20260316,91500170,000009.SZ,48761,2,0,10.42,2000
2026-03-16 09:15:00.170,20260316,91500170,000009.SZ,48767,2,0,9.97,1000
2026-03-16 09:15:00.170,20260316,91500170,000009.SZ,49028,2,0,10.4,2300
2026-03-16 09:15:00.170,20260316,91500170,000009.SZ,49373,2,0,9.46,2400
2026-03-16 09:15:00.170,20260316,91500170,000009.SZ,49595,2,0,9.7,600
2026-03-16 09:15:00.180,20260316,91500180,000009.SZ,50357,2,0,10.42,100
2026-03-16 09:15:00.180,20260316,91500180,000009.SZ,51032,2,0,8.52,100
2026-03-16 09:15:00.180,20260316,91500180,000009.SZ,51536,2,0,9.46,1000
2026-03-16 09:15:00.180,20260316,91500180,000009.SZ,52226,2,0,10.42,300
2026-03-16 09:15:00.180,20260316,91500180,000009.SZ,52632,1,0,8.6,300
2026-03-16 09:15:00.190,20260316,91500190,000009.SZ,53775,2,0,10.42,100
2026-03-16 09:15:00.200,20260316,91500200,000009.SZ,56174,2,0,9.77,1000
2026-03-16 09:15:00.200,20260316,91500200,000009.SZ,56177,2,0,9.99,1000
2026-03-16 09:15:00.200,20260316,91500200,000009.SZ,56227,2,0,10.1,1000
2026-03-16 09:15:00.200,20260316,91500200,000009.SZ,56364,2,0,10.42,500
2026-03-16 09:15:00.200,20260316,91500200,000009.SZ,57221,2,0,9.6,700
2026-03-16 09:15:00.200,20260316,91500200,000009.SZ,57299,2,0,10.42,100
2026-03-16 09:15:00.200,20260316,91500200,000009.SZ,57328,2,0,10.4,1000
2026-03-16 09:15:00.200,20260316,91500200,000009.SZ,57759,2,0,10.2,200
2026-03-16 09:15:00.200,20260316,91500200,000009.SZ,57769,2,0,10.35,600
2026-03-16 09:15:00.200,20260316,91500200,000009.SZ,57770,1,0,8.88,700
2026-03-16 09:15:00.200,20260316,91500200,000009.SZ,57886,1,0,8.7,300
2026-03-16 09:15:00.210,20260316,91500210,000009.SZ,58395,2,0,9.78,5000
2026-03-16 09:15:00.210,20260316,91500210,000009.SZ,58833,2,0,9.88,5000
2026-03-16 09:15:00.210,20260316,91500210,000009.SZ,58941,2,0,9.98,10000
2026-03-16 09:15:00.210,20260316,91500210,000009.SZ,59053,2,0,10.08,10000
2026-03-16 09:15:00.210,20260316,91500210,000009.SZ,59211,2,0,10.18,10000
2026-03-16 09:15:00.210,20260316,91500210,000009.SZ,59302,2,0,10.28,10000
2026-03-16 09:15:00.210,20260316,91500210,000009.SZ,59368,2,0,10.38,10000
2026-03-16 09:15:00.210,20260316,91500210,000009.SZ,59479,1,0,9.47,100
2026-03-16 09:15:00.210,20260316,91500210,000009.SZ,60083,1,0,9.47,5800
2026-03-16 09:15:00.220,20260316,91500220,000009.SZ,60373,2,0,9.57,5100
2026-03-16 09:15:00.220,20260316,91500220,000009.SZ,60445,1,0,9.33,500
2026-03-16 09:15:00.230,20260316,91500230,000009.SZ,62389,1,0,9.47,800
2026-03-16 09:15:00.230,20260316,91500230,000009.SZ,62841,1,0,9.26,6300
2026-03-16 09:15:00.230,20260316,91500230,000009.SZ,62969,1,0,9.47,200
2026-03-16 09:15:00.230,20260316,91500230,000009.SZ,62979,1,0,9.0,100
2026-03-16 09:15:00.230,20260316,91500230,000009.SZ,63490,2,0,10.42,29100
2026-03-16 09:15:00.230,20260316,91500230,000009.SZ,63716,2,0,10.42,30000
2026-03-16 09:15:00.240,20260316,91500240,000009.SZ,64090,1,0,10.42,1900
2026-03-16 09:15:00.240,20260316,91500240,000009.SZ,64318,2,0,9.46,302
2026-03-16 09:15:00.240,20260316,91500240,000009.SZ,64562,1,0,9.31,100
2026-03-16 09:15:00.240,20260316,91500240,000009.SZ,64563,1,0,9.22,100
2026-03-16 09:15:00.240,20260316,91500240,000009.SZ,64605,2,0,9.77,100
2026-03-16 09:15:00.240,20260316,91500240,000009.SZ,64607,2,0,9.88,200
2026-03-16 09:15:00.240,20260316,91500240,000009.SZ,64619,2,0,9.99,200
2026-03-16 09:15:00.240,20260316,91500240,000009.SZ,64620,2,0,10.11,200
2026-03-16 09:15:00.240,20260316,91500240,000009.SZ,64621,2,0,10.22,500
2026-03-16 09:15:00.240,20260316,91500240,000009.SZ,64622,1,0,9.01,100
2026-03-16 09:15:00.240,20260316,91500240,000009.SZ,65138,2,0,9.85,1000
2026-03-16 09:15:00.240,20260316,91500240,000009.SZ,65639,2,0,9.75,6000
2026-03-16 09:15:00.240,20260316,91500240,000009.SZ,65873,2,0,9.63,2000
2026-03-16 09:15:00.250,20260316,91500250,000009.SZ,66382,2,0,10.41,500
2026-03-16 09:15:00.250,20260316,91500250,000009.SZ,66530,1,0,9.47,100
2026-03-16 09:15:00.250,20260316,91500250,000009.SZ,66566,2,0,10.41,400
2026-03-16 09:15:00.250,20260316,91500250,000009.SZ,67353,2,0,9.52,6300
2026-03-16 09:15:00.250,20260316,91500250,000009.SZ,67578,1,0,9.47,400
2026-03-16 09:15:00.260,20260316,91500260,000009.SZ,68003,2,0,10.42,10000
2026-03-16 09:15:00.260,20260316,91500260,000009.SZ,68650,1,0,9.02,300
2026-03-16 09:15:00.260,20260316,91500260,000009.SZ,68750,2,0,10.39,600
2026-03-16 09:15:00.260,20260316,91500260,000009.SZ,68885,2,0,10.42,2000
2026-03-16 09:15:00.270,20260316,91500270,000009.SZ,69817,2,0,10.41,14700
2026-03-16 09:15:00.270,20260316,91500270,000009.SZ,70234,1,0,9.15,300
2026-03-16 09:15:00.270,20260316,91500270,000009.SZ,70474,2,0,9.62,500
2026-03-16 09:15:00.280,20260316,91500280,000009.SZ,71141,2,0,10.42,5000
2026-03-16 09:15:00.280,20260316,91500280,000009.SZ,71264,2,0,9.85,2000
2026-03-16 09:15:00.280,20260316,91500280,000009.SZ,71349,2,0,10.42,3200
2026-03-16 09:15:00.280,20260316,91500280,000009.SZ,71557,2,0,10.2,600
2026-03-16 09:15:00.280,20260316,91500280,000009.SZ,71558,2,0,10.3,700
2026-03-16 09:15:00.280,20260316,91500280,000009.SZ,71559,2,0,10.35,700
2026-03-16 09:15:00.280,20260316,91500280,000009.SZ,71560,2,0,10.4,700
2026-03-16 09:15:00.280,20260316,91500280,000009.SZ,71561,2,0,10.42,700
2026-03-16 09:15:00.290,20260316,91500290,000009.SZ,72885,2,0,10.41,600
2026-03-16 09:15:00.290,20260316,91500290,000009.SZ,74063,1,0,9.47,100
2026-03-16 09:15:00.300,20260316,91500300,000009.SZ,74446,2,0,10.4,500
2026-03-16 09:15:00.300,20260316,91500300,000009.SZ,75348,1,0,9.08,900
2026-03-16 09:15:00.300,20260316,91500300,000009.SZ,75369,2,0,10.41,600
2026-03-16 09:15:00.310,20260316,91500310,000009.SZ,75642,1,0,9.47,500
2026-03-16 09:15:00.310,20260316,91500310,000009.SZ,76075,2,0,10.42,1000
2026-03-16 09:15:00.310,20260316,91500310,000009.SZ,76151,2,0,10.06,2000
2026-03-16 09:15:00.310,20260316,91500310,000009.SZ,76235,1,0,9.47,100
2026-03-16 09:15:00.310,20260316,91500310,000009.SZ,76319,2,0,9.75,1400
2026-03-16 09:15:00.310,20260316,91500310,000009.SZ,76489,1,0,9.7,15300
2026-03-16 09:15:00.320,20260316,91500320,000009.SZ,77587,2,0,10.42,500
2026-03-16 09:15:00.320,20260316,91500320,000009.SZ,78414,1,0,9.26,1000
2026-03-16 09:15:00.320,20260316,91500320,000009.SZ,78415,2,0,9.79,2000
2026-03-16 09:15:00.320,20260316,91500320,000009.SZ,78803,2,0,9.99,1000
2026-03-16 09:15:00.320,20260316,91500320,000009.SZ,78809,2,0,10.26,1000
2026-03-16 09:15:00.330,20260316,91500330,000009.SZ,79740,2,0,9.82,1200
2026-03-16 09:15:00.330,20260316,91500330,000009.SZ,79741,2,0,9.68,1200
2026-03-16 09:15:00.340,20260316,91500340,000009.SZ,80604,2,0,10.0,100
2026-03-16 09:15:00.340,20260316,91500340,000009.SZ,80830,1,0,8.8,1000
2026-03-16 09:15:00.340,20260316,91500340,000009.SZ,80831,2,0,10.4,500
2026-03-16 09:15:00.340,20260316,91500340,000009.SZ,80883,2,0,9.5,100
2026-03-16 09:15:00.340,20260316,91500340,000009.SZ,81409,2,0,10.4,600
2026-03-16 09:15:00.340,20260316,91500340,000009.SZ,81424,2,0,9.99,600
2026-03-16 09:15:00.350,20260316,91500350,000009.SZ,82184,2,0,10.42,1800
2026-03-16 09:15:00.350,20260316,91500350,000009.SZ,82786,2,0,9.89,1000
2026-03-16 09:15:00.350,20260316,91500350,000009.SZ,82805,1,0,9.13,8000
2026-03-16 09:15:00.350,20260316,91500350,000009.SZ,82912,2,0,9.46,100
2026-03-16 09:15:00.360,20260316,91500360,000009.SZ,83738,1,0,9.21,1900
2026-03-16 09:15:00.360,20260316,91500360,000009.SZ,83981,2,0,9.9,900
2026-03-16 09:15:00.370,20260316,91500370,000009.SZ,85343,2,0,10.15,200
2026-03-16 09:15:00.380,20260316,91500380,000009.SZ,86223,1,0,8.6,5000
2026-03-16 09:15:00.380,20260316,91500380,000009.SZ,86854,1,0,9.47,700
2026-03-16 09:15:00.380,20260316,91500380,000009.SZ,87091,2,0,10.05,100
2026-03-16 09:15:00.380,20260316,91500380,000009.SZ,87115,2,0,10.05,300
2026-03-16 09:15:00.380,20260316,91500380,000009.SZ,87123,2,0,10.36,300
2026-03-16 09:15:00.380,20260316,91500380,000009.SZ,87143,1,0,8.93,400
2026-03-16 09:15:00.390,20260316,91500390,000009.SZ,87812,2,0,10.0,700
2026-03-16 09:15:00.390,20260316,91500390,000009.SZ,87974,2,0,10.4,700
2026-03-16 09:15:00.390,20260316,91500390,000009.SZ,88355,1,0,9.35,1000
2026-03-16 09:15:00.400,20260316,91500400,000009.SZ,89179,1,0,10.42,600
2026-03-16 09:15:00.400,20260316,91500400,000009.SZ,89593,1,0,9.51,100
2026-03-16 09:15:00.410,20260316,91500410,000009.SZ,89942,1,0,9.47,700
2026-03-16 09:15:00.410,20260316,91500410,000009.SZ,90383,2,0,9.95,1000
2026-03-16 09:15:00.420,20260316,91500420,000009.SZ,91438,1,0,9.47,100
2026-03-16 09:15:00.420,20260316,91500420,000009.SZ,91514,2,0,9.95,500
2026-03-16 09:15:00.420,20260316,91500420,000009.SZ,92006,1,0,9.47,100
2026-03-16 09:15:00.430,20260316,91500430,000009.SZ,92285,1,0,9.6,1000
2026-03-16 09:15:00.430,20260316,91500430,000009.SZ,92312,1,0,9.68,1000
2026-03-16 09:15:00.430,20260316,91500430,000009.SZ,92414,1,0,9.47,600
2026-03-16 09:15:00.430,20260316,91500430,000009.SZ,92578,2,0,10.41,100
2026-03-16 09:15:00.430,20260316,91500430,000009.SZ,93269,1,0,9.4,600
2026-03-16 09:15:00.430,20260316,91500430,000009.SZ,93270,2,0,9.7,1100
2026-03-16 09:15:00.430,20260316,91500430,000009.SZ,93271,2,0,9.85,1500
2026-03-16 09:15:00.430,20260316,91500430,000009.SZ,93276,1,0,9.15,600
2026-03-16 09:15:00.440,20260316,91500440,000009.SZ,93612,1,0,9.47,100
2026-03-16 09:15:00.450,20260316,91500450,000009.SZ,94603,2,0,10.05,4100
2026-03-16 09:15:00.450,20260316,91500450,000009.SZ,94604,2,0,10.11,4100
2026-03-16 09:15:00.450,20260316,91500450,000009.SZ,94605,2,0,10.31,6400
2026-03-16 09:15:00.450,20260316,91500450,000009.SZ,94702,2,0,9.9,100
2026-03-16 09:15:00.450,20260316,91500450,000009.SZ,94799,1,0,9.47,100
2026-03-16 09:15:00.450,20260316,91500450,000009.SZ,94835,2,0,9.87,200
2026-03-16 09:15:00.460,20260316,91500460,000009.SZ,96287,2,0,9.75,1100
2026-03-16 09:15:00.460,20260316,91500460,000009.SZ,96288,2,0,10.4,1000
2026-03-16 09:15:00.460,20260316,91500460,000009.SZ,96289,2,0,10.35,1000
2026-03-16 09:15:00.460,20260316,91500460,000009.SZ,96290,2,0,10.3,1000
2026-03-16 09:15:00.460,20260316,91500460,000009.SZ,96291,2,0,10.25,1000
2026-03-16 09:15:00.460,20260316,91500460,000009.SZ,96292,2,0,10.2,1000
2026-03-16 09:15:00.460,20260316,91500460,000009.SZ,96294,2,0,10.15,1000
2026-03-16 09:15:00.460,20260316,91500460,000009.SZ,96295,2,0,10.1,1000
2026-03-16 09:15:00.460,20260316,91500460,000009.SZ,96296,2,0,10.05,1000
2026-03-16 09:15:00.460,20260316,91500460,000009.SZ,96297,2,0,10.0,1000
2026-03-16 09:15:00.460,20260316,91500460,000009.SZ,96298,2,0,9.9,1400
2026-03-16 09:15:00.460,20260316,91500460,000009.SZ,96307,2,0,9.8,1400
2026-03-16 09:15:00.470,20260316,91500470,000009.SZ,96563,1,0,9.15,500
2026-03-16 09:15:00.470,20260316,91500470,000009.SZ,96865,2,0,10.1,100
2026-03-16 09:15:00.470,20260316,91500470,000009.SZ,96866,2,0,10.15,100
2026-03-16 09:15:00.470,20260316,91500470,000009.SZ,96867,2,0,10.22,100
2026-03-16 09:15:00.470,20260316,91500470,000009.SZ,96976,2,0,10.15,1000
2026-03-16 09:15:00.470,20260316,91500470,000009.SZ,97027,2,0,10.42,4000
2026-03-16 09:15:00.490,20260316,91500490,000009.SZ,99339,2,0,9.77,1000
2026-03-16 09:15:00.490,20260316,91500490,000009.SZ,99340,2,0,9.97,1500
2026-03-16 09:15:00.490,20260316,91500490,000009.SZ,99341,2,0,9.77,1000
2026-03-16 09:15:00.490,20260316,91500490,000009.SZ,99342,2,0,9.97,1500
2026-03-16 09:15:00.500,20260316,91500500,000009.SZ,100088,2,0,10.4,300
2026-03-16 09:15:00.510,20260316,91500510,000009.SZ,100439,1,0,9.17,6200
2026-03-16 09:15:00.510,20260316,91500510,000009.SZ,100557,2,0,10.4,300
2026-03-16 09:15:00.510,20260316,91500510,000009.SZ,100562,2,0,10.25,300
2026-03-16 09:15:00.510,20260316,91500510,000009.SZ,100568,2,0,10.05,300
2026-03-16 09:15:00.510,20260316,91500510,000009.SZ,100570,2,0,9.95,300
2026-03-16 09:15:00.520,20260316,91500520,000009.SZ,102028,2,0,9.72,500
2026-03-16 09:15:00.530,20260316,91500530,000009.SZ,102509,1,0,8.53,1100
2026-03-16 09:15:00.530,20260316,91500530,000009.SZ,102932,1,0,9.47,200
2026-03-16 09:15:00.540,20260316,91500540,000009.SZ,103012,2,0,10.05,100
2026-03-16 09:15:00.540,20260316,91500540,000009.SZ,103014,2,0,10.42,100
2026-03-16 09:15:00.550,20260316,91500550,000009.SZ,104194,2,0,10.4,100
2026-03-16 09:15:00.550,20260316,91500550,000009.SZ,104259,1,0,9.2,21600
2026-03-16 09:15:00.560,20260316,91500560,000009.SZ,105016,1,0,9.47,1000
2026-03-16 09:15:00.560,20260316,91500560,000009.SZ,105092,2,0,9.65,1000
2026-03-16 09:15:00.560,20260316,91500560,000009.SZ,105094,2,0,9.7,1000
2026-03-16 09:15:00.570,20260316,91500570,000009.SZ,105673,1,0,9.2,100
2026-03-16 09:15:00.570,20260316,91500570,000009.SZ,105775,2,0,9.96,7000
2026-03-16 09:15:00.570,20260316,91500570,000009.SZ,105904,1,0,9.47,100
2026-03-16 09:15:00.570,20260316,91500570,000009.SZ,106068,2,0,10.4,10000
2026-03-16 09:15:00.580,20260316,91500580,000009.SZ,107001,2,0,9.79,1000
2026-03-16 09:15:00.580,20260316,91500580,000009.SZ,107002,2,0,10.19,1000
2026-03-16 09:15:00.580,20260316,91500580,000009.SZ,107212,1,0,9.47,100
2026-03-16 09:15:00.590,20260316,91500590,000009.SZ,107413,1,0,9.33,100
2026-03-16 09:15:00.590,20260316,91500590,000009.SZ,107423,1,0,9.2,100
2026-03-16 09:15:00.590,20260316,91500590,000009.SZ,107426,1,0,8.77,100
2026-03-16 09:15:00.590,20260316,91500590,000009.SZ,107427,1,0,9.03,100
2026-03-16 09:15:00.590,20260316,91500590,000009.SZ,107454,2,0,10.42,100
2026-03-16 09:15:00.590,20260316,91500590,000009.SZ,107761,2,0,10.42,35000
2026-03-16 09:15:00.600,20260316,91500600,000009.SZ,108640,2,0,10.42,100
2026-03-16 09:15:00.600,20260316,91500600,000009.SZ,108903,2,0,9.46,200
2026-03-16 09:15:00.600,20260316,91500600,000009.SZ,108906,1,0,9.47,100
2026-03-16 09:15:00.600,20260316,91500600,000009.SZ,108924,2,0,9.86,3000
2026-03-16 09:15:00.610,20260316,91500610,000009.SZ,109218,1,0,9.47,400
2026-03-16 09:15:00.610,20260316,91500610,000009.SZ,109228,1,0,9.47,100
2026-03-16 09:15:00.610,20260316,91500610,000009.SZ,109495,2,0,10.4,200
2026-03-16 09:15:00.610,20260316,91500610,000009.SZ,109753,2,0,10.38,600
2026-03-16 09:15:00.620,20260316,91500620,000009.SZ,110823,2,0,9.99,1200
2026-03-16 09:15:00.620,20260316,91500620,000009.SZ,110878,2,0,10.05,1000
2026-03-16 09:15:00.630,20260316,91500630,000009.SZ,111000,1,0,9.47,6800
2026-03-16 09:15:00.630,20260316,91500630,000009.SZ,111352,2,0,10.2,1000
2026-03-16 09:15:00.640,20260316,91500640,000009.SZ,112103,1,0,9.07,2800
2026-03-16 09:15:00.640,20260316,91500640,000009.SZ,112157,1,0,9.66,40000
2026-03-16 09:15:00.640,20260316,91500640,000009.SZ,113050,2,0,10.2,600
2026-03-16 09:15:00.640,20260316,91500640,000009.SZ,113074,1,0,9.06,400
2026-03-16 09:15:00.650,20260316,91500650,000009.SZ,113735,1,0,9.16,3000
2026-03-16 09:15:00.660,20260316,91500660,000009.SZ,115567,2,0,9.81,500
2026-03-16 09:15:00.670,20260316,91500670,000009.SZ,115842,2,0,10.3,200
2026-03-16 09:15:00.670,20260316,91500670,000009.SZ,116296,1,0,8.6,400
2026-03-16 09:15:00.680,20260316,91500680,000009.SZ,116741,1,0,8.8,700
2026-03-16 09:15:00.680,20260316,91500680,000009.SZ,116763,1,0,9.47,1500
2026-03-16 09:15:00.680,20260316,91500680,000009.SZ,116955,2,0,10.1,100
2026-03-16 09:15:00.680,20260316,91500680,000009.SZ,117180,2,0,10.14,500
2026-03-16 09:15:00.690,20260316,91500690,000009.SZ,117810,1,0,9.15,1000
2026-03-16 09:15:00.690,20260316,91500690,000009.SZ,118103,1,0,8.8,600
2026-03-16 09:15:00.690,20260316,91500690,000009.SZ,118115,2,0,10.39,500
2026-03-16 09:15:00.700,20260316,91500700,000009.SZ,118496,1,0,9.0,200
2026-03-16 09:15:00.700,20260316,91500700,000009.SZ,118594,1,0,9.45,500
2026-03-16 09:15:00.700,20260316,91500700,000009.SZ,118637,2,0,10.33,200
2026-03-16 09:15:00.700,20260316,91500700,000009.SZ,119077,1,0,8.6,600
2026-03-16 09:15:00.720,20260316,91500720,000009.SZ,119987,2,0,9.47,5000
2026-03-16 09:15:00.730,20260316,91500730,000009.SZ,121015,2,0,10.4,1000
2026-03-16 09:15:00.740,20260316,91500740,000009.SZ,121734,2,0,9.89,3000
2026-03-16 09:15:00.740,20260316,91500740,000009.SZ,121962,1,0,9.47,100
2026-03-16 09:15:00.740,20260316,91500740,000009.SZ,122230,2,0,9.75,2000
2026-03-16 09:15:00.740,20260316,91500740,000009.SZ,122248,1,0,9.35,1000
2026-03-16 09:15:00.750,20260316,91500750,000009.SZ,122606,1,0,9.3,5000
2026-03-16 09:15:00.770,20260316,91500770,000009.SZ,123368,2,0,10.26,500
2026-03-16 09:15:00.770,20260316,91500770,000009.SZ,123740,1,0,9.05,3200
2026-03-16 09:15:00.770,20260316,91500770,000009.SZ,123770,1,0,9.47,200
2026-03-16 09:15:00.790,20260316,91500790,000009.SZ,125343,2,0,10.42,100
2026-03-16 09:15:00.790,20260316,91500790,000009.SZ,125362,2,0,10.35,300
2026-03-16 09:15:00.800,20260316,91500800,000009.SZ,125467,1,0,9.15,1000
2026-03-16 09:15:00.800,20260316,91500800,000009.SZ,125753,2,0,10.42,39000
2026-03-16 09:15:00.810,20260316,91500810,000009.SZ,126101,2,0,10.41,1000
2026-03-16 09:15:00.810,20260316,91500810,000009.SZ,126249,2,0,9.35,6000
2026-03-16 09:15:00.840,20260316,91500840,000009.SZ,128048,2,0,9.8,100
2026-03-16 09:15:00.840,20260316,91500840,000009.SZ,128072,1,0,9.35,3000
2026-03-16 09:15:00.840,20260316,91500840,000009.SZ,128090,1,0,9.0,5200
2026-03-16 09:15:00.840,20260316,91500840,000009.SZ,128108,2,0,10.1,100
2026-03-16 09:15:00.840,20260316,91500840,000009.SZ,128332,2,0,9.9,2000
2026-03-16 09:15:00.850,20260316,91500850,000009.SZ,129300,1,0,8.87,800
2026-03-16 09:15:00.890,20260316,91500890,000009.SZ,131522,2,0,10.4,300
2026-03-16 09:15:00.890,20260316,91500890,000009.SZ,131577,1,0,9.13,4000
2026-03-16 09:15:00.910,20260316,91500910,000009.SZ,132698,1,0,8.52,1000
2026-03-16 09:15:00.910,20260316,91500910,000009.SZ,132713,1,0,8.53,100
2026-03-16 09:15:00.910,20260316,91500910,000009.SZ,132730,2,0,9.79,300
2026-03-16 09:15:00.910,20260316,91500910,000009.SZ,132731,1,0,9.19,700
2026-03-16 09:15:00.920,20260316,91500920,000009.SZ,133412,1,0,8.8,1000
2026-03-16 09:15:00.920,20260316,91500920,000009.SZ,133461,2,0,10.42,100
2026-03-16 09:15:00.920,20260316,91500920,000009.SZ,133548,1,0,8.57,1000
2026-03-16 09:15:00.930,20260316,91500930,000009.SZ,133791,2,0,9.65,500
2026-03-16 09:15:00.930,20260316,91500930,000009.SZ,133793,2,0,10.31,3000
2026-03-16 09:15:00.930,20260316,91500930,000009.SZ,134195,2,0,10.25,15000
2026-03-16 09:15:00.960,20260316,91500960,000009.SZ,135756,2,0,10.42,700
2026-03-16 09:15:00.960,20260316,91500960,000009.SZ,136280,2,0,10.42,2000
2026-03-16 09:15:00.970,20260316,91500970,000009.SZ,136685,2,0,10.33,1000
2026-03-16 09:15:00.980,20260316,91500980,000009.SZ,137314,2,0,10.15,100
2026-03-16 09:15:00.980,20260316,91500980,000009.SZ,137315,2,0,10.3,100
2026-03-16 09:15:00.980,20260316,91500980,000009.SZ,137457,1,0,9.15,800
2026-03-16 09:15:00.980,20260316,91500980,000009.SZ,137746,1,0,10.42,900
2026-03-16 09:15:00.990,20260316,91500990,000009.SZ,138704,1,0,9.6,1800
2026-03-16 09:15:00.990,20260316,91500990,000009.SZ,138984,2,0,10.38,1000
2026-03-16 09:15:01.000,20260316,91501000,000009.SZ,139267,2,0,10.42,2600
2026-03-16 09:15:01.000,20260316,91501000,000009.SZ,139268,2,0,9.78,1500
2026-03-16 09:15:01.010,20260316,91501010,000009.SZ,140305,2,0,10.4,500
2026-03-16 09:15:01.010,20260316,91501010,000009.SZ,140411,2,0,9.47,300
2026-03-16 09:15:01.020,20260316,91501020,000009.SZ,141104,1,0,9.2,1000
2026-03-16 09:15:01.020,20260316,91501020,000009.SZ,141250,1,0,9.1,500
2026-03-16 09:15:01.020,20260316,91501020,000009.SZ,141506,2,0,9.7,3300
2026-03-16 09:15:01.020,20260316,91501020,000009.SZ,141568,2,0,9.9,200
2026-03-16 09:15:01.020,20260316,91501020,000009.SZ,141667,2,0,10.4,1000
2026-03-16 09:15:01.040,20260316,91501040,000009.SZ,143069,2,0,9.95,100
2026-03-16 09:15:01.040,20260316,91501040,000009.SZ,143070,2,0,10.4,100
2026-03-16 09:15:01.040,20260316,91501040,000009.SZ,143710,2,0,10.3,1800
2026-03-16 09:15:01.050,20260316,91501050,000009.SZ,144165,2,0,9.95,800
2026-03-16 09:15:01.050,20260316,91501050,000009.SZ,144219,1,0,9.2,800
2026-03-16 09:15:01.050,20260316,91501050,000009.SZ,144356,1,0,9.2,800
2026-03-16 09:15:01.050,20260316,91501050,000009.SZ,144504,2,0,9.85,1000
2026-03-16 09:15:01.070,20260316,91501070,000009.SZ,145750,2,0,10.42,2800
2026-03-16 09:15:01.080,20260316,91501080,000009.SZ,146001,2,0,10.39,400
2026-03-16 09:15:01.090,20260316,91501090,000009.SZ,146509,2,0,10.4,1000
2026-03-16 09:15:01.090,20260316,91501090,000009.SZ,146527,1,0,8.62,500
2026-03-16 09:15:01.090,20260316,91501090,000009.SZ,146699,1,0,9.31,200
2026-03-16 09:15:01.100,20260316,91501100,000009.SZ,147352,1,0,9.31,4500
2026-03-16 09:15:01.110,20260316,91501110,000009.SZ,148143,2,0,9.92,4200
2026-03-16 09:15:01.120,20260316,91501120,000009.SZ,148712,1,0,10.41,6900
2026-03-16 09:15:01.120,20260316,91501120,000009.SZ,148987,2,0,9.9,1100
2026-03-16 09:15:01.120,20260316,91501120,000009.SZ,149287,1,0,9.0,1700
2026-03-16 09:15:01.130,20260316,91501130,000009.SZ,149455,1,0,9.2,1000
2026-03-16 09:15:01.140,20260316,91501140,000009.SZ,150001,2,0,10.15,500
2026-03-16 09:15:01.140,20260316,91501140,000009.SZ,150002,1,0,9.15,500
2026-03-16 09:15:01.140,20260316,91501140,000009.SZ,150028,2,0,10.13,100
2026-03-16 09:15:01.140,20260316,91501140,000009.SZ,150528,2,0,10.41,100
2026-03-16 09:15:01.140,20260316,91501140,000009.SZ,150557,2,0,9.89,1500
2026-03-16 09:15:01.140,20260316,91501140,000009.SZ,150558,2,0,10.18,2500
2026-03-16 09:15:01.150,20260316,91501150,000009.SZ,151258,2,0,10.2,500
2026-03-16 09:15:01.170,20260316,91501170,000009.SZ,152037,2,0,9.94,6500
2026-03-16 09:15:01.170,20260316,91501170,000009.SZ,152059,2,0,9.76,10700
2026-03-16 09:15:01.170,20260316,91501170,000009.SZ,152131,1,0,8.7,300
2026-03-16 09:15:01.180,20260316,91501180,000009.SZ,152841,2,0,9.58,1000
2026-03-16 09:15:01.180,20260316,91501180,000009.SZ,152855,2,0,9.78,1000
2026-03-16 09:15:01.180,20260316,91501180,000009.SZ,152883,1,0,9.2,1000
2026-03-16 09:15:01.180,20260316,91501180,000009.SZ,152884,1,0,9.35,1000
2026-03-16 09:15:01.180,20260316,91501180,000009.SZ,152886,2,0,9.83,1000
2026-03-16 09:15:01.180,20260316,91501180,000009.SZ,152887,2,0,9.93,2000
2026-03-16 09:15:01.180,20260316,91501180,000009.SZ,152893,1,0,9.3,1000
2026-03-16 09:15:01.190,20260316,91501190,000009.SZ,153287,2,0,9.98,500
2026-03-16 09:15:01.190,20260316,91501190,000009.SZ,153471,2,0,9.81,500
2026-03-16 09:15:01.190,20260316,91501190,000009.SZ,153527,1,0,9.47,100
2026-03-16 09:15:01.190,20260316,91501190,000009.SZ,153618,2,0,10.42,2000
2026-03-16 09:15:01.200,20260316,91501200,000009.SZ,153747,1,0,8.52,1000
2026-03-16 09:15:01.200,20260316,91501200,000009.SZ,153902,2,0,9.66,5400
2026-03-16 09:15:01.200,20260316,91501200,000009.SZ,153966,1,0,9.6,100
2026-03-16 09:15:01.210,20260316,91501210,000009.SZ,154522,2,0,10.15,200
2026-03-16 09:15:01.220,20260316,91501220,000009.SZ,154723,1,0,9.35,1900
2026-03-16 09:15:01.250,20260316,91501250,000009.SZ,156928,2,0,10.08,800
2026-03-16 09:15:01.250,20260316,91501250,000009.SZ,156975,1,0,9.01,800
2026-03-16 09:15:01.250,20260316,91501250,000009.SZ,157151,2,0,9.8,3200
2026-03-16 09:15:01.290,20260316,91501290,000009.SZ,159730,1,0,9.47,100
2026-03-16 09:15:01.310,20260316,91501310,000009.SZ,160392,2,0,9.9,2400
2026-03-16 09:15:01.310,20260316,91501310,000009.SZ,160674,1,0,9.31,10000
2026-03-16 09:15:01.340,20260316,91501340,000009.SZ,161953,2,0,9.85,3300
2026-03-16 09:15:01.340,20260316,91501340,000009.SZ,162238,1,0,9.3,10000
2026-03-16 09:15:01.340,20260316,91501340,000009.SZ,162259,1,0,9.29,10000
2026-03-16 09:15:01.350,20260316,91501350,000009.SZ,162516,2,0,10.39,2000
2026-03-16 09:15:01.350,20260316,91501350,000009.SZ,162589,1,0,9.41,1400
2026-03-16 09:15:01.360,20260316,91501360,000009.SZ,163190,1,0,9.47,100
2026-03-16 09:15:01.360,20260316,91501360,000009.SZ,163215,2,0,10.05,100
2026-03-16 09:15:01.370,20260316,91501370,000009.SZ,163756,1,0,9.0,100
2026-03-16 09:15:01.370,20260316,91501370,000009.SZ,163828,1,0,9.47,2000
2026-03-16 09:15:01.370,20260316,91501370,000009.SZ,164115,1,0,9.23,10000
2026-03-16 09:15:01.370,20260316,91501370,000009.SZ,164139,1,0,9.22,10000
2026-03-16 09:15:01.370,20260316,91501370,000009.SZ,164141,1,0,8.95,10000
2026-03-16 09:15:01.380,20260316,91501380,000009.SZ,164177,1,0,9.47,500
2026-03-16 09:15:01.380,20260316,91501380,000009.SZ,164375,1,0,9.4,5200
2026-03-16 09:15:01.450,20260316,91501450,000009.SZ,168042,2,0,10.42,4500
2026-03-16 09:15:01.450,20260316,91501450,000009.SZ,168043,2,0,10.0,1000
2026-03-16 09:15:01.460,20260316,91501460,000009.SZ,168219,2,0,9.75,300
2026-03-16 09:15:01.460,20260316,91501460,000009.SZ,168220,1,0,8.62,400
2026-03-16 09:15:01.460,20260316,91501460,000009.SZ,168242,1,0,8.55,200
2026-03-16 09:15:01.480,20260316,91501480,000009.SZ,169233,2,0,10.42,800
2026-03-16 09:15:01.480,20260316,91501480,000009.SZ,169459,2,0,9.94,500
2026-03-16 09:15:01.490,20260316,91501490,000009.SZ,169690,2,0,10.39,1000
2026-03-16 09:15:01.490,20260316,91501490,000009.SZ,169852,1,0,9.47,1500
2026-03-16 09:15:01.510,20260316,91501510,000009.SZ,170802,2,0,10.41,5000
2026-03-16 09:15:01.510,20260316,91501510,000009.SZ,170860,2,0,10.4,500
2026-03-16 09:15:01.530,20260316,91501530,000009.SZ,171587,1,0,9.47,200
2026-03-16 09:15:01.540,20260316,91501540,000009.SZ,171714,1,0,9.47,1000
2026-03-16 09:15:01.540,20260316,91501540,000009.SZ,171721,2,0,9.8,2000
2026-03-16 09:15:01.540,20260316,91501540,000009.SZ,171850,2,0,10.2,3000
2026-03-16 09:15:01.550,20260316,91501550,000009.SZ,172360,2,0,10.0,400
2026-03-16 09:15:01.550,20260316,91501550,000009.SZ,172362,2,0,10.4,600
2026-03-16 09:15:01.560,20260316,91501560,000009.SZ,172731,1,0,9.19,100
2026-03-16 09:15:01.560,20260316,91501560,000009.SZ,172784,2,0,10.4,500
2026-03-16 09:15:01.560,20260316,91501560,000009.SZ,173074,2,0,10.4,400
2026-03-16 09:15:01.590,20260316,91501590,000009.SZ,174628,2,0,9.93,6600
2026-03-16 09:15:01.600,20260316,91501600,000009.SZ,175298,2,0,9.69,12000
2026-03-16 09:15:01.610,20260316,91501610,000009.SZ,175472,1,0,9.0,4000
2026-03-16 09:15:01.620,20260316,91501620,000009.SZ,175858,1,0,9.47,300
2026-03-16 09:15:01.620,20260316,91501620,000009.SZ,176049,2,0,10.4,1000
2026-03-16 09:15:01.630,20260316,91501630,000009.SZ,176488,1,0,9.25,1300
2026-03-16 09:15:01.640,20260316,91501640,000009.SZ,177087,2,0,10.33,2900
2026-03-16 09:15:01.650,20260316,91501650,000009.SZ,177961,1,0,8.8,1700
2026-03-16 09:15:01.650,20260316,91501650,000009.SZ,177971,2,0,9.75,1500
2026-03-16 09:15:01.670,20260316,91501670,000009.SZ,178620,1,0,9.2,500
2026-03-16 09:15:01.680,20260316,91501680,000009.SZ,179382,1,0,9.47,500
2026-03-16 09:15:01.690,20260316,91501690,000009.SZ,179509,2,0,9.85,2600
2026-03-16 09:15:01.690,20260316,91501690,000009.SZ,179927,2,0,10.42,20000
2026-03-16 09:15:01.710,20260316,91501710,000009.SZ,180781,2,0,10.4,400
2026-03-16 09:15:01.710,20260316,91501710,000009.SZ,181054,2,0,9.76,100
2026-03-16 09:15:01.710,20260316,91501710,000009.SZ,181055,2,0,9.9,100
2026-03-16 09:15:01.710,20260316,91501710,000009.SZ,181193,1,0,9.38,200
2026-03-16 09:15:01.710,20260316,91501710,000009.SZ,181196,1,0,9.25,300
2026-03-16 09:15:01.720,20260316,91501720,000009.SZ,181708,1,0,9.42,500
2026-03-16 09:15:01.740,20260316,91501740,000009.SZ,182785,1,0,9.0,3000
2026-03-16 09:15:01.750,20260316,91501750,000009.SZ,182931,2,0,9.76,500
2026-03-16 09:15:01.760,20260316,91501760,000009.SZ,183191,1,0,9.35,1800
2026-03-16 09:15:01.760,20260316,91501760,000009.SZ,183302,2,0,10.38,1200
2026-03-16 09:15:01.790,20260316,91501790,000009.SZ,184231,2,0,9.78,10000
2026-03-16 09:15:01.800,20260316,91501800,000009.SZ,184754,2,0,9.59,100
2026-03-16 09:15:01.810,20260316,91501810,000009.SZ,184841,1,0,9.46,300
2026-03-16 09:15:01.820,20260316,91501820,000009.SZ,185253,2,0,10.0,1500
2026-03-16 09:15:01.820,20260316,91501820,000009.SZ,185369,2,0,9.67,100
2026-03-16 09:15:01.820,20260316,91501820,000009.SZ,185502,2,0,10.1,2000
2026-03-16 09:15:01.820,20260316,91501820,000009.SZ,185503,2,0,10.42,2000
2026-03-16 09:15:01.850,20260316,91501850,000009.SZ,186284,1,0,9.15,500
2026-03-16 09:15:01.850,20260316,91501850,000009.SZ,186424,2,0,10.02,500
2026-03-16 09:15:01.850,20260316,91501850,000009.SZ,186491,1,0,8.58,1000
2026-03-16 09:15:01.860,20260316,91501860,000009.SZ,186679,1,0,9.1,400
2026-03-16 09:15:01.870,20260316,91501870,000009.SZ,187064,2,0,9.89,2000
2026-03-16 09:15:01.870,20260316,91501870,000009.SZ,187299,2,0,10.39,500
2026-03-16 09:15:01.890,20260316,91501890,000009.SZ,187979,1,0,9.3,200
2026-03-16 09:15:01.920,20260316,91501920,000009.SZ,189085,2,0,9.93,2100
2026-03-16 09:15:01.930,20260316,91501930,000009.SZ,189329,2,0,9.88,600
2026-03-16 09:15:01.940,20260316,91501940,000009.SZ,189760,1,0,9.18,1100
2026-03-16 09:15:01.940,20260316,91501940,000009.SZ,189816,1,0,9.4,500
2026-03-16 09:15:01.940,20260316,91501940,000009.SZ,189821,2,0,10.1,100
2026-03-16 09:15:01.940,20260316,91501940,000009.SZ,189824,1,0,9.35,500
2026-03-16 09:15:01.940,20260316,91501940,000009.SZ,189825,1,0,9.3,500
2026-03-16 09:15:01.940,20260316,91501940,000009.SZ,189863,2,0,9.7,600
2026-03-16 09:15:01.940,20260316,91501940,000009.SZ,189865,2,0,9.75,600
2026-03-16 09:15:01.940,20260316,91501940,000009.SZ,189871,2,0,9.8,600
2026-03-16 09:15:01.960,20260316,91501960,000009.SZ,190747,1,0,9.2,3000
2026-03-16 09:15:01.960,20260316,91501960,000009.SZ,190905,1,0,9.15,900
2026-03-16 09:15:01.970,20260316,91501970,000009.SZ,191377,1,0,9.3,800
2026-03-16 09:15:01.970,20260316,91501970,000009.SZ,191513,2,0,10.18,6700
2026-03-16 09:15:01.970,20260316,91501970,000009.SZ,191817,2,0,10.42,35000
2026-03-16 09:15:01.980,20260316,91501980,000009.SZ,192344,2,0,10.41,100
2026-03-16 09:15:01.990,20260316,91501990,000009.SZ,192699,1,0,9.47,100
2026-03-16 09:15:02.000,20260316,91502000,000009.SZ,193629,1,0,9.45,2300
2026-03-16 09:15:02.010,20260316,91502010,000009.SZ,193951,1,0,9.4,1000
2026-03-16 09:15:02.010,20260316,91502010,000009.SZ,193953,1,0,9.3,1000
2026-03-16 09:15:02.010,20260316,91502010,000009.SZ,193955,1,0,9.2,1000
2026-03-16 09:15:02.010,20260316,91502010,000009.SZ,193957,1,0,9.43,1000
2026-03-16 09:15:02.010,20260316,91502010,000009.SZ,193958,2,0,9.68,1000
2026-03-16 09:15:02.010,20260316,91502010,000009.SZ,194390,2,0,10.42,200
2026-03-16 09:15:02.010,20260316,91502010,000009.SZ,194391,2,0,10.18,300
2026-03-16 09:15:02.010,20260316,91502010,000009.SZ,194392,2,0,10.06,300
2026-03-16 09:15:02.010,20260316,91502010,000009.SZ,194393,2,0,9.95,300
2026-03-16 09:15:02.010,20260316,91502010,000009.SZ,194394,2,0,9.83,300
2026-03-16 09:15:02.020,20260316,91502020,000009.SZ,194500,2,0,9.77,800
2026-03-16 09:15:02.020,20260316,91502020,000009.SZ,194508,2,0,9.92,800
2026-03-16 09:15:02.020,20260316,91502020,000009.SZ,194513,1,0,9.41,800
2026-03-16 09:15:02.020,20260316,91502020,000009.SZ,194520,1,0,9.28,800
2026-03-16 09:15:02.020,20260316,91502020,000009.SZ,194522,1,0,9.15,800
2026-03-16 09:15:02.030,20260316,91502030,000009.SZ,194987,2,0,10.35,200
2026-03-16 09:15:02.030,20260316,91502030,000009.SZ,194988,2,0,10.15,200
2026-03-16 09:15:02.030,20260316,91502030,000009.SZ,194992,1,0,9.01,800
2026-03-16 09:15:02.030,20260316,91502030,000009.SZ,194993,1,0,8.81,800
2026-03-16 09:15:02.030,20260316,91502030,000009.SZ,194994,1,0,8.61,1000
2026-03-16 09:15:02.030,20260316,91502030,000009.SZ,195326,1,0,9.47,600
2026-03-16 09:15:02.040,20260316,91502040,000009.SZ,195671,2,0,10.42,10000
2026-03-16 09:15:02.040,20260316,91502040,000009.SZ,195692,2,0,10.42,3000
2026-03-16 09:15:02.050,20260316,91502050,000009.SZ,196526,1,0,9.07,1500
2026-03-16 09:15:02.080,20260316,91502080,000009.SZ,197557,2,0,9.46,100
2026-03-16 09:15:02.090,20260316,91502090,000009.SZ,198396,1,0,9.13,500
2026-03-16 09:15:02.100,20260316,91502100,000009.SZ,198832,1,0,9.55,200
2026-03-16 09:15:02.110,20260316,91502110,000009.SZ,199580,1,0,8.9,2000
2026-03-16 09:15:02.140,20260316,91502140,000009.SZ,201076,2,0,10.42,11800
2026-03-16 09:15:02.160,20260316,91502160,000009.SZ,201491,2,0,10.15,4400
2026-03-16 09:15:02.160,20260316,91502160,000009.SZ,201492,2,0,10.38,4500
2026-03-16 09:15:02.170,20260316,91502170,000009.SZ,202151,2,0,10.0,800
2026-03-16 09:15:02.170,20260316,91502170,000009.SZ,202169,2,0,10.22,200
2026-03-16 09:15:02.180,20260316,91502180,000009.SZ,202387,2,0,10.42,272600
2026-03-16 09:15:02.180,20260316,91502180,000009.SZ,202470,2,0,10.42,500
2026-03-16 09:15:02.180,20260316,91502180,000009.SZ,202635,2,0,9.87,7000
2026-03-16 09:15:02.200,20260316,91502200,000009.SZ,203365,2,0,10.3,16000
2026-03-16 09:15:02.200,20260316,91502200,000009.SZ,203386,1,0,9.3,5000
2026-03-16 09:15:02.220,20260316,91502220,000009.SZ,204239,1,0,9.24,1100
2026-03-16 09:15:02.230,20260316,91502230,000009.SZ,204475,1,0,9.25,1300
2026-03-16 09:15:02.230,20260316,91502230,000009.SZ,204690,1,0,9.2,500
2026-03-16 09:15:02.240,20260316,91502240,000009.SZ,204924,1,0,9.28,2000
2026-03-16 09:15:02.250,20260316,91502250,000009.SZ,205223,2,0,9.85,19100
2026-03-16 09:15:02.250,20260316,91502250,000009.SZ,205430,2,0,9.77,10000
2026-03-16 09:15:02.260,20260316,91502260,000009.SZ,206011,2,0,9.99,1800
2026-03-16 09:15:02.270,20260316,91502270,000009.SZ,206657,1,0,9.47,500
2026-03-16 09:15:02.280,20260316,91502280,000009.SZ,206750,1,0,9.2,3000
2026-03-16 09:15:02.280,20260316,91502280,000009.SZ,206843,2,0,9.94,300
2026-03-16 09:15:02.280,20260316,91502280,000009.SZ,206990,2,0,10.42,200
2026-03-16 09:15:02.300,20260316,91502300,000009.SZ,207694,2,0,9.59,1600
2026-03-16 09:15:02.310,20260316,91502310,000009.SZ,207928,2,0,10.42,108800
2026-03-16 09:15:02.320,20260316,91502320,000009.SZ,208538,2,0,9.85,13000
2026-03-16 09:15:02.320,20260316,91502320,000009.SZ,208615,1,0,9.45,200
2026-03-16 09:15:02.330,20260316,91502330,000009.SZ,208801,1,0,9.47,1200
2026-03-16 09:15:02.330,20260316,91502330,000009.SZ,209264,2,0,10.4,500
2026-03-16 09:15:02.340,20260316,91502340,000009.SZ,209291,2,0,9.95,1100
2026-03-16 09:15:02.340,20260316,91502340,000009.SZ,209629,2,0,9.99,300
2026-03-16 09:15:02.350,20260316,91502350,000009.SZ,209780,1,0,9.4,500
2026-03-16 09:15:02.350,20260316,91502350,000009.SZ,209856,2,0,9.66,300
2026-03-16 09:15:02.350,20260316,91502350,000009.SZ,209946,2,0,9.77,100
2026-03-16 09:15:02.360,20260316,91502360,000009.SZ,210467,1,0,9.0,800
2026-03-16 09:15:02.370,20260316,91502370,000009.SZ,210773,2,0,9.88,5400
2026-03-16 09:15:02.370,20260316,91502370,000009.SZ,210975,1,0,9.47,100
2026-03-16 09:15:02.380,20260316,91502380,000009.SZ,211107,2,0,9.81,100
2026-03-16 09:15:02.400,20260316,91502400,000009.SZ,212098,1,0,9.1,2000
2026-03-16 09:15:02.410,20260316,91502410,000009.SZ,212510,2,0,10.1,200
2026-03-16 09:15:02.440,20260316,91502440,000009.SZ,213402,1,0,9.34,2400
2026-03-16 09:15:02.470,20260316,91502470,000009.SZ,214178,2,0,9.95,500
2026-03-16 09:15:02.470,20260316,91502470,000009.SZ,214180,2,0,10.42,500
2026-03-16 09:15:02.500,20260316,91502500,000009.SZ,215403,2,0,9.66,400
2026-03-16 09:15:02.500,20260316,91502500,000009.SZ,215404,2,0,9.85,400
2026-03-16 09:15:02.500,20260316,91502500,000009.SZ,215405,2,0,10.04,400
2026-03-16 09:15:02.500,20260316,91502500,000009.SZ,215406,2,0,10.23,400
2026-03-16 09:15:02.520,20260316,91502520,000009.SZ,215946,2,0,9.86,1000
2026-03-16 09:15:02.520,20260316,91502520,000009.SZ,215951,2,0,10.2,1500
2026-03-16 09:15:02.520,20260316,91502520,000009.SZ,215954,2,0,10.41,1000
2026-03-16 09:15:02.520,20260316,91502520,000009.SZ,215970,2,0,10.42,400
2026-03-16 09:15:02.530,20260316,91502530,000009.SZ,216127,1,0,9.47,5200
2026-03-16 09:15:02.530,20260316,91502530,000009.SZ,216150,1,0,9.01,400
2026-03-16 09:15:02.560,20260316,91502560,000009.SZ,217239,2,0,10.42,2000
2026-03-16 09:15:02.570,20260316,91502570,000009.SZ,217671,1,0,9.47,100
2026-03-16 09:15:02.570,20260316,91502570,000009.SZ,217704,2,0,10.42,10000
2026-03-16 09:15:02.590,20260316,91502590,000009.SZ,218504,1,0,9.47,100
2026-03-16 09:15:02.600,20260316,91502600,000009.SZ,218592,1,0,8.52,600
2026-03-16 09:15:02.610,20260316,91502610,000009.SZ,218863,1,0,9.47,100
2026-03-16 09:15:02.610,20260316,91502610,000009.SZ,219017,1,0,9.0,3000
2026-03-16 09:15:02.610,20260316,91502610,000009.SZ,219066,1,0,9.47,300
2026-03-16 09:15:02.660,20260316,91502660,000009.SZ,220415,1,0,9.0,300
2026-03-16 09:15:02.660,20260316,91502660,000009.SZ,220417,1,0,8.67,200
2026-03-16 09:15:02.670,20260316,91502670,000009.SZ,220899,2,0,10.41,4000
2026-03-16 09:15:02.680,20260316,91502680,000009.SZ,220963,1,0,9.47,100
2026-03-16 09:15:02.720,20260316,91502720,000009.SZ,222224,1,0,9.3,700
2026-03-16 09:15:02.720,20260316,91502720,000009.SZ,222246,2,0,9.96,700
2026-03-16 09:15:02.730,20260316,91502730,000009.SZ,222347,1,0,9.18,2000
2026-03-16 09:15:02.730,20260316,91502730,000009.SZ,222476,2,0,10.33,300
2026-03-16 09:15:02.740,20260316,91502740,000009.SZ,222599,2,0,9.89,300
2026-03-16 09:15:02.770,20260316,91502770,000009.SZ,222972,1,0,9.1,3400
2026-03-16 09:15:02.770,20260316,91502770,000009.SZ,222973,1,0,9.0,3600
2026-03-16 09:15:02.810,20260316,91502810,000009.SZ,223662,1,0,9.48,1100
2026-03-16 09:15:02.810,20260316,91502810,000009.SZ,223663,1,0,9.39,1300
2026-03-16 09:15:02.820,20260316,91502820,000009.SZ,223981,1,0,9.18,500
2026-03-16 09:15:02.850,20260316,91502850,000009.SZ,224739,1,0,9.15,1000
2026-03-16 09:15:02.880,20260316,91502880,000009.SZ,225468,1,0,9.47,200
2026-03-16 09:15:02.880,20260316,91502880,000009.SZ,225469,1,0,9.16,300
2026-03-16 09:15:02.880,20260316,91502880,000009.SZ,225534,1,0,9.2,10000
2026-03-16 09:15:02.880,20260316,91502880,000009.SZ,225535,1,0,9.14,10000
2026-03-16 09:15:02.910,20260316,91502910,000009.SZ,226107,1,0,9.14,2000
2026-03-16 09:15:02.920,20260316,91502920,000009.SZ,226489,2,0,9.69,1000
2026-03-16 09:15:02.920,20260316,91502920,000009.SZ,226499,1,0,9.1,1000
2026-03-16 09:15:02.920,20260316,91502920,000009.SZ,226503,1,0,8.8,600
2026-03-16 09:15:02.930,20260316,91502930,000009.SZ,226632,1,0,8.94,400
2026-03-16 09:15:02.930,20260316,91502930,000009.SZ,226768,2,0,10.38,600
2026-03-16 09:15:02.940,20260316,91502940,000009.SZ,227008,1,0,9.29,500
2026-03-16 09:15:02.940,20260316,91502940,000009.SZ,227011,1,0,9.32,500
2026-03-16 09:15:02.950,20260316,91502950,000009.SZ,227249,2,0,10.4,1600
2026-03-16 09:15:02.970,20260316,91502970,000009.SZ,227832,2,0,9.7,1000
2026-03-16 09:15:02.970,20260316,91502970,000009.SZ,227904,2,0,9.76,2000
2026-03-16 09:15:02.970,20260316,91502970,000009.SZ,227905,2,0,9.84,2000
2026-03-16 09:15:02.970,20260316,91502970,000009.SZ,227906,2,0,9.9,2000
2026-03-16 09:15:02.970,20260316,91502970,000009.SZ,227907,2,0,10.15,2000
2026-03-16 09:15:02.980,20260316,91502980,000009.SZ,228281,1,0,9.0,200
2026-03-16 09:15:02.980,20260316,91502980,000009.SZ,228356,2,0,10.42,1400
2026-03-16 09:15:02.990,20260316,91502990,000009.SZ,228585,1,0,9.47,100
2026-03-16 09:15:03.010,20260316,91503010,000009.SZ,229311,1,0,9.47,100
2026-03-16 09:15:03.020,20260316,91503020,000009.SZ,229702,1,0,9.52,200
2026-03-16 09:15:03.020,20260316,91503020,000009.SZ,229847,1,0,9.47,100
2026-03-16 09:15:03.040,20260316,91503040,000009.SZ,230282,1,0,9.19,1000
2026-03-16 09:15:03.110,20260316,91503110,000009.SZ,232775,2,0,10.3,1000
2026-03-16 09:15:03.110,20260316,91503110,000009.SZ,232833,2,0,9.65,2000
2026-03-16 09:15:03.130,20260316,91503130,000009.SZ,233777,2,0,10.39,200
2026-03-16 09:15:03.130,20260316,91503130,000009.SZ,233778,1,0,8.83,200
2026-03-16 09:15:03.130,20260316,91503130,000009.SZ,233869,2,0,10.42,4900
2026-03-16 09:15:03.130,20260316,91503130,000009.SZ,233873,2,0,10.37,4900
2026-03-16 09:15:03.140,20260316,91503140,000009.SZ,234094,1,0,8.8,2000
2026-03-16 09:15:03.140,20260316,91503140,000009.SZ,234492,2,0,10.42,156900
2026-03-16 09:15:03.150,20260316,91503150,000009.SZ,234596,2,0,9.77,500
2026-03-16 09:15:03.150,20260316,91503150,000009.SZ,234597,2,0,9.98,600
2026-03-16 09:15:03.150,20260316,91503150,000009.SZ,234614,2,0,10.38,800
2026-03-16 09:15:03.150,20260316,91503150,000009.SZ,234622,1,0,9.21,400
2026-03-16 09:15:03.160,20260316,91503160,000009.SZ,234789,2,0,10.42,2300
2026-03-16 09:15:03.200,20260316,91503200,000009.SZ,235815,2,0,9.99,100
2026-03-16 09:15:03.210,20260316,91503210,000009.SZ,235993,1,0,9.01,100
2026-03-16 09:15:03.210,20260316,91503210,000009.SZ,235995,1,0,8.71,100
2026-03-16 09:15:03.220,20260316,91503220,000009.SZ,236394,2,0,9.8,500
2026-03-16 09:15:03.270,20260316,91503270,000009.SZ,237372,2,0,10.39,300
2026-03-16 09:15:03.280,20260316,91503280,000009.SZ,237449,2,0,10.1,200
2026-03-16 09:15:03.280,20260316,91503280,000009.SZ,237451,2,0,9.9,200
2026-03-16 09:15:03.280,20260316,91503280,000009.SZ,237453,2,0,9.7,200
2026-03-16 09:15:03.290,20260316,91503290,000009.SZ,237627,2,0,10.39,1300
2026-03-16 09:15:03.300,20260316,91503300,000009.SZ,237801,1,0,9.47,100
2026-03-16 09:15:03.330,20260316,91503330,000009.SZ,238446,1,0,9.47,100
2026-03-16 09:15:03.350,20260316,91503350,000009.SZ,238762,1,0,9.1,700
2026-03-16 09:15:03.370,20260316,91503370,000009.SZ,239326,2,0,9.48,100
2026-03-16 09:15:03.370,20260316,91503370,000009.SZ,239331,2,0,10.3,200
2026-03-16 09:15:03.370,20260316,91503370,000009.SZ,239332,2,0,9.8,200
2026-03-16 09:15:03.400,20260316,91503400,000009.SZ,239901,2,0,10.39,500
2026-03-16 09:15:03.400,20260316,91503400,000009.SZ,239930,1,0,9.19,400
2026-03-16 09:15:03.400,20260316,91503400,000009.SZ,239933,2,0,9.74,200
2026-03-16 09:15:03.410,20260316,91503410,000009.SZ,240211,1,0,9.08,300
2026-03-16 09:15:03.420,20260316,91503420,000009.SZ,240256,1,0,9.28,6100
2026-03-16 09:15:03.460,20260316,91503460,000009.SZ,240888,2,0,10.42,1500
2026-03-16 09:15:03.500,20260316,91503500,000009.SZ,241494,2,0,9.98,3000
2026-03-16 09:15:03.550,20260316,91503550,000009.SZ,242683,1,0,9.31,6000
2026-03-16 09:15:03.550,20260316,91503550,000009.SZ,242701,2,0,10.42,200
2026-03-16 09:15:03.560,20260316,91503560,000009.SZ,242996,1,0,8.52,3000
2026-03-16 09:15:03.560,20260316,91503560,000009.SZ,243147,1,0,8.56,100
2026-03-16 09:15:03.560,20260316,91503560,000009.SZ,243148,1,0,8.81,100
2026-03-16 09:15:03.560,20260316,91503560,000009.SZ,243149,2,0,10.42,100
2026-03-16 09:15:03.580,20260316,91503580,000009.SZ,243611,1,0,9.47,100
2026-03-16 09:15:03.620,20260316,91503620,000009.SZ,244319,1,0,9.19,10000
2026-03-16 09:15:03.620,20260316,91503620,000009.SZ,244333,2,0,9.8,2000
2026-03-16 09:15:03.640,20260316,91503640,000009.SZ,244531,2,0,9.8,4000
2026-03-16 09:15:03.640,20260316,91503640,000009.SZ,244534,1,0,9.0,2000
2026-03-16 09:15:03.650,20260316,91503650,000009.SZ,244684,1,0,9.18,500
2026-03-16 09:15:03.650,20260316,91503650,000009.SZ,244719,2,0,10.41,5000
2026-03-16 09:15:03.690,20260316,91503690,000009.SZ,245353,2,0,10.0,200
2026-03-16 09:15:03.690,20260316,91503690,000009.SZ,245373,2,0,9.65,300
2026-03-16 09:15:03.700,20260316,91503700,000009.SZ,245541,1,0,9.35,100
2026-03-16 09:15:03.830,20260316,91503830,000009.SZ,247530,1,0,9.29,500
2026-03-16 09:15:03.830,20260316,91503830,000009.SZ,247558,2,0,10.4,1400
2026-03-16 09:15:03.850,20260316,91503850,000009.SZ,247901,2,0,9.65,1000
2026-03-16 09:15:03.890,20260316,91503890,000009.SZ,248568,2,0,10.41,2000
2026-03-16 09:15:03.890,20260316,91503890,000009.SZ,248570,2,0,10.07,2000
2026-03-16 09:15:03.890,20260316,91503890,000009.SZ,248572,2,0,9.92,1000
2026-03-16 09:15:03.940,20260316,91503940,000009.SZ,249388,1,0,9.3,600
2026-03-16 09:15:03.950,20260316,91503950,000009.SZ,249512,1,0,9.47,300
2026-03-16 09:15:03.950,20260316,91503950,000009.SZ,249557,2,0,10.38,2000
2026-03-16 09:15:03.950,20260316,91503950,000009.SZ,249559,2,0,10.2,2000
2026-03-16 09:15:03.960,20260316,91503960,000009.SZ,249742,2,0,10.42,2900
2026-03-16 09:15:03.960,20260316,91503960,000009.SZ,249797,2,0,10.42,1000
2026-03-16 09:15:03.970,20260316,91503970,000009.SZ,249913,1,0,9.47,1100
2026-03-16 09:15:04.000,20260316,91504000,000009.SZ,250812,2,0,10.2,200
2026-03-16 09:15:04.000,20260316,91504000,000009.SZ,250851,2,0,10.39,106
2026-03-16 09:15:04.010,20260316,91504010,000009.SZ,251076,1,0,9.27,1000
2026-03-16 09:15:04.030,20260316,91504030,000009.SZ,251599,2,0,10.13,100
2026-03-16 09:15:04.040,20260316,91504040,000009.SZ,251780,1,0,9.0,5000
2026-03-16 09:15:04.050,20260316,91504050,000009.SZ,251941,2,0,10.32,100
2026-03-16 09:15:04.050,20260316,91504050,000009.SZ,251945,1,0,9.47,10000
2026-03-16 09:15:04.080,20260316,91504080,000009.SZ,252602,1,0,8.55,200
2026-03-16 09:15:04.080,20260316,91504080,000009.SZ,252604,2,0,10.1,200
2026-03-16 09:15:04.080,20260316,91504080,000009.SZ,252694,1,0,9.15,1000
2026-03-16 09:15:04.080,20260316,91504080,000009.SZ,252703,2,0,9.95,1000
2026-03-16 09:15:04.110,20260316,91504110,000009.SZ,253183,1,0,9.15,1100
2026-03-16 09:15:04.110,20260316,91504110,000009.SZ,253190,1,0,9.24,600
2026-03-16 09:15:04.110,20260316,91504110,000009.SZ,253343,1,0,9.15,600
2026-03-16 09:15:04.120,20260316,91504120,000009.SZ,253731,1,0,9.25,200
2026-03-16 09:15:04.160,20260316,91504160,000009.SZ,254469,1,0,9.13,2000
2026-03-16 09:15:04.160,20260316,91504160,000009.SZ,254470,1,0,9.0,2000
2026-03-16 09:15:04.170,20260316,91504170,000009.SZ,254561,1,0,8.74,3000
2026-03-16 09:15:04.200,20260316,91504200,000009.SZ,255054,2,0,9.64,1200
2026-03-16 09:15:04.210,20260316,91504210,000009.SZ,255333,2,0,10.11,1000
2026-03-16 09:15:04.340,20260316,91504340,000009.SZ,256519,1,0,9.37,200
2026-03-16 09:15:04.400,20260316,91504400,000009.SZ,257160,2,0,9.81,500
2026-03-16 09:15:04.410,20260316,91504410,000009.SZ,257232,1,0,9.21,1500
2026-03-16 09:15:04.410,20260316,91504410,000009.SZ,257233,2,0,9.89,1400
2026-03-16 09:15:04.430,20260316,91504430,000009.SZ,257625,2,0,10.2,1000
2026-03-16 09:15:04.450,20260316,91504450,000009.SZ,257905,1,0,9.0,900
2026-03-16 09:15:04.480,20260316,91504480,000009.SZ,258169,2,0,10.42,100
2026-03-16 09:15:04.490,20260316,91504490,000009.SZ,258223,1,0,10.42,100
2026-03-16 09:15:04.640,20260316,91504640,000009.SZ,259876,2,0,10.42,1000
2026-03-16 09:15:04.640,20260316,91504640,000009.SZ,259884,2,0,10.42,55200
2026-03-16 09:15:04.690,20260316,91504690,000009.SZ,260114,2,0,10.2,700
2026-03-16 09:15:04.690,20260316,91504690,000009.SZ,260117,2,0,10.3,700
2026-03-16 09:15:04.730,20260316,91504730,000009.SZ,260434,1,0,9.0,300
2026-03-16 09:15:04.790,20260316,91504790,000009.SZ,260773,1,0,8.92,18000
2026-03-16 09:15:04.790,20260316,91504790,000009.SZ,260794,2,0,10.28,200
2026-03-16 09:15:05.000,20260316,91505000,000009.SZ,262776,1,0,9.3,10000
2026-03-16 09:15:05.000,20260316,91505000,000009.SZ,262793,2,0,10.0,200
2026-03-16 09:15:05.020,20260316,91505020,000009.SZ,263097,1,0,10.0,200
2026-03-16 09:15:05.020,20260316,91505020,000009.SZ,263180,2,0,9.79,1700
2026-03-16 09:15:05.020,20260316,91505020,000009.SZ,263181,2,0,9.92,1600
2026-03-16 09:15:05.020,20260316,91505020,000009.SZ,263182,2,0,10.04,1600
2026-03-16 09:15:05.020,20260316,91505020,000009.SZ,263183,2,0,10.15,1600
2026-03-16 09:15:05.020,20260316,91505020,000009.SZ,263184,2,0,10.25,1600
2026-03-16 09:15:05.020,20260316,91505020,000009.SZ,263185,2,0,10.34,1600
2026-03-16 09:15:05.020,20260316,91505020,000009.SZ,263186,2,0,10.42,1600
2026-03-16 09:15:05.020,20260316,91505020,000009.SZ,263187,1,0,9.18,3000
2026-03-16 09:15:05.030,20260316,91505030,000009.SZ,263273,1,0,9.3,10000
2026-03-16 09:15:05.030,20260316,91505030,000009.SZ,263366,2,0,10.11,1000
2026-03-16 09:15:05.030,20260316,91505030,000009.SZ,263445,1,0,9.3,10000
2026-03-16 09:15:05.040,20260316,91505040,000009.SZ,263463,1,0,9.1,1000
2026-03-16 09:15:05.040,20260316,91505040,000009.SZ,263694,2,0,9.99,2100
2026-03-16 09:15:05.050,20260316,91505050,000009.SZ,263711,2,0,10.42,2400
2026-03-16 09:15:05.050,20260316,91505050,000009.SZ,263712,2,0,10.42,1500
2026-03-16 09:15:05.060,20260316,91505060,000009.SZ,263940,1,0,9.2,8000
2026-03-16 09:15:05.060,20260316,91505060,000009.SZ,263982,1,0,9.0,5000
2026-03-16 09:15:05.110,20260316,91505110,000009.SZ,264615,1,0,9.1,1000
2026-03-16 09:15:05.120,20260316,91505120,000009.SZ,264924,2,0,10.42,300
2026-03-16 09:15:05.250,20260316,91505250,000009.SZ,266209,2,0,10.4,500
2026-03-16 09:15:05.350,20260316,91505350,000009.SZ,266879,2,0,10.21,2000
2026-03-16 09:15:05.360,20260316,91505360,000009.SZ,266880,2,0,10.11,2000
2026-03-16 09:15:05.380,20260316,91505380,000009.SZ,267022,1,0,9.48,100
2026-03-16 09:15:05.380,20260316,91505380,000009.SZ,267112,1,0,9.52,3100
2026-03-16 09:15:05.400,20260316,91505400,000009.SZ,267384,1,0,9.1,1800
2026-03-16 09:15:05.410,20260316,91505410,000009.SZ,267446,1,0,9.05,1000
2026-03-16 09:15:05.410,20260316,91505410,000009.SZ,267448,1,0,8.91,4000
2026-03-16 09:15:05.410,20260316,91505410,000009.SZ,267449,1,0,8.95,3000
2026-03-16 09:15:05.410,20260316,91505410,000009.SZ,267451,1,0,9.0,2000
2026-03-16 09:15:05.410,20260316,91505410,000009.SZ,267453,1,0,9.08,1000
2026-03-16 09:15:05.410,20260316,91505410,000009.SZ,267454,1,0,8.81,3000
2026-03-16 09:15:05.480,20260316,91505480,000009.SZ,268188,1,0,9.33,800
2026-03-16 09:15:05.490,20260316,91505490,000009.SZ,268195,1,0,9.25,100
2026-03-16 09:15:05.490,20260316,91505490,000009.SZ,268196,2,0,9.75,100
2026-03-16 09:15:05.490,20260316,91505490,000009.SZ,268197,2,0,10.0,100
2026-03-16 09:15:05.500,20260316,91505500,000009.SZ,268274,2,0,10.42,100
2026-03-16 09:15:05.560,20260316,91505560,000009.SZ,268655,2,0,10.4,400
2026-03-16 09:15:05.580,20260316,91505580,000009.SZ,268725,1,0,9.2,1000
2026-03-16 09:15:05.670,20260316,91505670,000009.SZ,268965,2,0,9.74,100
2026-03-16 09:15:05.740,20260316,91505740,000009.SZ,269146,2,0,10.42,200
2026-03-16 09:15:06.010,20260316,91506010,000009.SZ,270164,2,0,9.99,100
2026-03-16 09:15:06.020,20260316,91506020,000009.SZ,270329,1,0,9.0,800
2026-03-16 09:15:06.030,20260316,91506030,000009.SZ,270571,2,0,10.42,400
2026-03-16 09:15:06.040,20260316,91506040,000009.SZ,270576,2,0,9.47,100
2026-03-16 09:15:06.100,20260316,91506100,000009.SZ,270931,1,0,9.09,2300
2026-03-16 09:15:06.160,20260316,91506160,000009.SZ,271339,2,0,10.42,1400
2026-03-16 09:15:06.190,20260316,91506190,000009.SZ,271500,1,0,9.35,2600
2026-03-16 09:15:06.410,20260316,91506410,000009.SZ,272940,1,0,9.11,1500
2026-03-16 09:15:06.410,20260316,91506410,000009.SZ,272947,2,0,9.79,1400
2026-03-16 09:15:06.410,20260316,91506410,000009.SZ,272960,2,0,9.99,1400
2026-03-16 09:15:06.560,20260316,91506560,000009.SZ,273803,2,0,10.38,1000
2026-03-16 09:15:06.700,20260316,91506700,000009.SZ,274079,1,0,9.47,1000
2026-03-16 09:15:06.800,20260316,91506800,000009.SZ,274212,1,0,9.26,1000
2026-03-16 09:15:07.000,20260316,91507000,000009.SZ,274697,1,0,9.31,5000
2026-03-16 09:15:07.010,20260316,91507010,000009.SZ,274783,2,0,9.76,300
2026-03-16 09:15:07.240,20260316,91507240,000009.SZ,275657,2,0,10.42,100
2026-03-16 09:15:07.290,20260316,91507290,000009.SZ,275798,2,0,10.4,2400
2026-03-16 09:15:07.360,20260316,91507360,000009.SZ,276076,1,0,9.35,900
2026-03-16 09:15:07.360,20260316,91507360,000009.SZ,276077,1,0,9.25,1000
2026-03-16 09:15:07.410,20260316,91507410,000009.SZ,276375,2,0,9.86,1000
2026-03-16 09:15:07.410,20260316,91507410,000009.SZ,276379,1,0,9.08,1000
2026-03-16 09:15:07.410,20260316,91507410,000009.SZ,276469,1,0,8.8,1200
2026-03-16 09:15:07.410,20260316,91507410,000009.SZ,276501,1,0,9.0,1200
2026-03-16 09:15:07.440,20260316,91507440,000009.SZ,276593,2,0,9.97,5000
2026-03-16 09:15:07.440,20260316,91507440,000009.SZ,276599,2,0,9.97,5000
2026-03-16 09:15:07.490,20260316,91507490,000009.SZ,276883,2,0,10.0,100
2026-03-16 09:15:07.490,20260316,91507490,000009.SZ,276890,2,0,8.52,100
2026-03-16 09:15:07.500,20260316,91507500,000009.SZ,276917,1,0,9.03,3000
2026-03-16 09:15:07.530,20260316,91507530,000009.SZ,277076,2,0,8.52,500
2026-03-16 09:15:07.970,20260316,91507970,000009.SZ,277665,2,0,10.0,3000
2026-03-16 09:15:08.360,20260316,91508360,000009.SZ,278227,1,0,9.25,1100
2026-03-16 09:15:08.500,20260316,91508500,000009.SZ,278803,2,0,10.05,200
2026-03-16 09:15:09.470,20260316,91509470,000009.SZ,279878,2,0,9.69,1400
2026-03-16 09:15:09.490,20260316,91509490,000009.SZ,279926,1,0,9.2,600
2026-03-16 09:15:10.030,20260316,91510030,000009.SZ,280427,2,0,9.78,100
2026-03-16 09:15:10.410,20260316,91510410,000009.SZ,280628,1,0,9.35,8600
2026-03-16 09:15:10.430,20260316,91510430,000009.SZ,280686,1,0,9.47,100
2026-03-16 09:15:12.210,20260316,91512210,000009.SZ,282029,2,0,9.53,200
2026-03-16 09:15:12.210,20260316,91512210,000009.SZ,282030,1,0,9.39,200
2026-03-16 09:15:14.410,20260316,91514410,000009.SZ,283406,1,0,9.22,1000
2026-03-16 09:15:18.730,20260316,91518730,000009.SZ,284322,2,0,10.42,2900
2026-03-16 09:15:19.620,20260316,91519620,000009.SZ,284529,2,0,9.5,1000
2026-03-16 09:15:24.620,20260316,91524620,000009.SZ,285606,1,0,9.66,500
2026-03-16 09:15:28.850,20260316,91528850,000009.SZ,286469,1,0,9.38,2000
2026-03-16 09:15:28.940,20260316,91528940,000009.SZ,286480,2,0,9.66,1000
2026-03-16 09:15:29.120,20260316,91529120,000009.SZ,286521,2,0,9.62,100
2026-03-16 09:15:29.120,20260316,91529120,000009.SZ,286522,1,0,9.41,100
2026-03-16 09:15:32.900,20260316,91532900,000009.SZ,287381,2,0,9.66,3300
2026-03-16 09:15:36.150,20260316,91536150,000009.SZ,288144,1,0,9.66,100
2026-03-16 09:15:36.160,20260316,91536160,000009.SZ,288145,1,0,9.66,100
2026-03-16 09:15:36.180,20260316,91536180,000009.SZ,288151,1,0,9.66,100
2026-03-16 09:15:36.180,20260316,91536180,000009.SZ,288152,1,0,9.66,100
2026-03-16 09:15:39.330,20260316,91539330,000009.SZ,288970,1,0,8.9,100
2026-03-16 09:15:39.330,20260316,91539330,000009.SZ,288971,2,0,9.7,100
2026-03-16 09:15:39.340,20260316,91539340,000009.SZ,288975,2,0,9.86,500
2026-03-16 09:15:40.010,20260316,91540010,000009.SZ,289110,2,0,9.98,4000
2026-03-16 09:15:43.400,20260316,91543400,000009.SZ,290012,2,0,9.66,400
2026-03-16 09:15:43.570,20260316,91543570,000009.SZ,290055,2,0,10.42,200
2026-03-16 09:15:44.000,20260316,91544000,000009.SZ,290142,2,0,10.01,500
2026-03-16 09:15:45.270,20260316,91545270,000009.SZ,290433,2,0,10.29,8800
2026-03-16 09:15:45.730,20260316,91545730,000009.SZ,290552,2,0,9.72,3000
2026-03-16 09:15:46.350,20260316,91546350,000009.SZ,290724,1,0,9.66,1000
2026-03-16 09:15:46.980,20260316,91546980,000009.SZ,290855,2,0,9.9,1000
2026-03-16 09:15:47.880,20260316,91547880,000009.SZ,291115,2,0,10.42,200
2026-03-16 09:15:50.110,20260316,91550110,000009.SZ,291659,2,0,10.29,200
2026-03-16 09:15:52.120,20260316,91552120,000009.SZ,292166,2,0,9.66,800
2026-03-16 09:15:52.280,20260316,91552280,000009.SZ,292231,2,0,9.71,200
2026-03-16 09:15:52.320,20260316,91552320,000009.SZ,292255,1,0,9.42,200
2026-03-16 09:15:52.840,20260316,91552840,000009.SZ,292375,1,0,9.34,10000
2026-03-16 09:15:54.250,20260316,91554250,000009.SZ,292762,2,0,9.65,400
2026-03-16 09:15:54.270,20260316,91554270,000009.SZ,292780,1,0,9.43,400
2026-03-16 09:15:54.430,20260316,91554430,000009.SZ,292836,2,0,8.52,21200
2026-03-16 09:15:54.850,20260316,91554850,000009.SZ,292941,2,0,9.66,1300
2026-03-16 09:15:56.070,20260316,91556070,000009.SZ,293244,2,0,10.42,400
2026-03-16 09:15:57.830,20260316,91557830,000009.SZ,293737,2,0,8.52,500
2026-03-16 09:15:57.890,20260316,91557890,000009.SZ,293748,2,0,9.85,4000
2026-03-16 09:15:58.160,20260316,91558160,000009.SZ,293821,2,0,9.66,10000
2026-03-16 09:15:58.280,20260316,91558280,000009.SZ,293875,2,0,9.73,1000
2026-03-16 09:15:58.280,20260316,91558280,000009.SZ,293876,1,0,9.06,1000
2026-03-16 09:15:58.430,20260316,91558430,000009.SZ,293926,1,0,8.83,2600
2026-03-16 09:15:58.670,20260316,91558670,000009.SZ,294000,2,0,9.85,2000
2026-03-16 09:15:59.630,20260316,91559630,000009.SZ,294263,2,0,10.29,1600
2026-03-16 09:16:02.650,20260316,91602650,000009.SZ,295111,2,0,10.42,400
2026-03-16 09:16:03.120,20260316,91603120,000009.SZ,295235,2,0,9.66,1300
2026-03-16 09:16:03.360,20260316,91603360,000009.SZ,295331,1,0,9.67,500
2026-03-16 09:16:03.640,20260316,91603640,000009.SZ,295427,2,0,9.5,100
2026-03-16 09:16:03.750,20260316,91603750,000009.SZ,295464,2,0,10.2,400
2026-03-16 09:16:06.230,20260316,91606230,000009.SZ,296195,2,0,9.97,600
2026-03-16 09:16:09.600,20260316,91609600,000009.SZ,297120,2,0,9.55,100
2026-03-16 09:16:12.210,20260316,91612210,000009.SZ,297728,2,0,10.35,4500
2026-03-16 09:16:15.100,20260316,91615100,000009.SZ,298477,2,0,9.68,200
2026-03-16 09:16:15.660,20260316,91615660,000009.SZ,298617,2,0,9.6,100
2026-03-16 09:16:15.810,20260316,91615810,000009.SZ,298666,2,0,9.65,1500
2026-03-16 09:16:18.340,20260316,91618340,000009.SZ,299277,2,0,9.85,4000
2026-03-16 09:16:20.460,20260316,91620460,000009.SZ,299790,1,0,9.5,2900
2026-03-16 09:16:20.500,20260316,91620500,000009.SZ,299796,2,0,9.72,400
2026-03-16 09:16:21.720,20260316,91621720,000009.SZ,300130,2,0,9.65,100
2026-03-16 09:16:21.820,20260316,91621820,000009.SZ,300172,2,0,9.7,1100
2026-03-16 09:16:22.920,20260316,91622920,000009.SZ,300481,2,0,10.17,800
2026-03-16 09:16:23.420,20260316,91623420,000009.SZ,300599,2,0,9.7,1700
2026-03-16 09:16:24.100,20260316,91624100,000009.SZ,300764,2,0,9.78,1500
2026-03-16 09:16:24.290,20260316,91624290,000009.SZ,300812,1,0,9.65,1100
2026-03-16 09:16:25.380,20260316,91625380,000009.SZ,301090,2,0,9.77,5100
2026-03-16 09:16:25.770,20260316,91625770,000009.SZ,301188,2,0,10.41,2800
2026-03-16 09:16:25.970,20260316,91625970,000009.SZ,301245,1,0,9.37,2500
2026-03-16 09:16:27.780,20260316,91627780,000009.SZ,301683,2,0,9.7,100
2026-03-16 09:16:28.890,20260316,91628890,000009.SZ,302013,2,0,10.42,5700
2026-03-16 09:16:30.020,20260316,91630020,000009.SZ,302310,2,0,9.8,10000
2026-03-16 09:16:31.460,20260316,91631460,000009.SZ,302700,2,0,10.42,17000
2026-03-16 09:16:31.650,20260316,91631650,000009.SZ,302749,2,0,9.65,200
2026-03-16 09:16:32.960,20260316,91632960,000009.SZ,303110,2,0,10.42,5300
2026-03-16 09:16:33.500,20260316,91633500,000009.SZ,303267,2,0,10.38,500
2026-03-16 09:16:33.670,20260316,91633670,000009.SZ,303316,2,0,9.78,1000
2026-03-16 09:16:33.850,20260316,91633850,000009.SZ,303370,1,0,9.4,100
2026-03-16 09:16:33.850,20260316,91633850,000009.SZ,303373,2,0,10.4,800
2026-03-16 09:16:35.290,20260316,91635290,000009.SZ,303820,2,0,9.88,2000
2026-03-16 09:16:35.930,20260316,91635930,000009.SZ,303965,1,0,9.65,200
2026-03-16 09:16:39.930,20260316,91639930,000009.SZ,305015,1,0,9.35,100
2026-03-16 09:16:40.180,20260316,91640180,000009.SZ,305102,1,0,9.36,1000
2026-03-16 09:16:44.150,20260316,91644150,000009.SZ,306125,1,0,9.65,500
2026-03-16 09:16:45.450,20260316,91645450,000009.SZ,306489,2,0,9.98,2000
2026-03-16 09:16:45.620,20260316,91645620,000009.SZ,306543,2,0,10.4,1000
2026-03-16 09:16:45.660,20260316,91645660,000009.SZ,306557,1,0,9.65,200
2026-03-16 09:16:46.050,20260316,91646050,000009.SZ,306672,1,0,9.3,100
2026-03-16 09:16:48.560,20260316,91648560,000009.SZ,307372,1,0,9.41,1100
2026-03-16 09:16:53.450,20260316,91653450,000009.SZ,308697,2,0,9.8,1000
2026-03-16 09:16:53.800,20260316,91653800,000009.SZ,308785,2,0,10.42,1000
2026-03-16 09:16:55.200,20260316,91655200,000009.SZ,309180,2,0,9.7,5000
2026-03-16 09:16:55.560,20260316,91655560,000009.SZ,309269,2,0,10.38,2700
2026-03-16 09:16:55.760,20260316,91655760,000009.SZ,309334,2,0,9.78,1600
2026-03-16 09:16:55.970,20260316,91655970,000009.SZ,309395,2,0,9.82,200
2026-03-16 09:17:02.070,20260316,91702070,000009.SZ,311297,1,0,9.45,100
2026-03-16 09:17:02.860,20260316,91702860,000009.SZ,311522,2,0,9.95,500
2026-03-16 09:17:03.480,20260316,91703480,000009.SZ,311675,2,0,9.93,200
2026-03-16 09:17:04.990,20260316,91704990,000009.SZ,312178,2,0,9.81,3700
2026-03-16 09:17:05.020,20260316,91705020,000009.SZ,312184,2,0,10.09,10000
2026-03-16 09:17:05.140,20260316,91705140,000009.SZ,312220,2,0,9.8,5000
2026-03-16 09:17:06.420,20260316,91706420,000009.SZ,312555,1,0,9.65,1000
2026-03-16 09:17:06.900,20260316,91706900,000009.SZ,312672,2,0,10.4,500
2026-03-16 09:17:07.490,20260316,91707490,000009.SZ,312855,2,0,10.2,1000
2026-03-16 09:17:12.580,20260316,91712580,000009.SZ,314323,2,0,9.7,1000
2026-03-16 09:17:14.270,20260316,91714270,000009.SZ,314823,2,0,10.42,6000
2026-03-16 09:17:14.320,20260316,91714320,000009.SZ,314842,2,0,10.39,10000
2026-03-16 09:17:14.920,20260316,91714920,000009.SZ,315018,2,0,8.52,200
2026-03-16 09:17:15.290,20260316,91715290,000009.SZ,315125,2,0,9.99,400
2026-03-16 09:17:15.570,20260316,91715570,000009.SZ,315214,2,0,9.72,600
2026-03-16 09:17:15.630,20260316,91715630,000009.SZ,315229,2,0,10.14,10000
2026-03-16 09:17:16.000,20260316,91716000,000009.SZ,315378,2,0,10.37,5000
2026-03-16 09:17:17.450,20260316,91717450,000009.SZ,315836,2,0,10.18,500
2026-03-16 09:17:21.040,20260316,91721040,000009.SZ,316873,2,0,9.87,100
2026-03-16 09:17:21.120,20260316,91721120,000009.SZ,316898,2,0,9.8,6500
2026-03-16 09:17:21.300,20260316,91721300,000009.SZ,316948,2,0,10.19,10000
2026-03-16 09:17:21.960,20260316,91721960,000009.SZ,317161,1,0,9.21,8000
2026-03-16 09:17:22.460,20260316,91722460,000009.SZ,317308,2,0,10.42,300
2026-03-16 09:17:23.390,20260316,91723390,000009.SZ,317593,2,0,10.42,4300
2026-03-16 09:17:24.380,20260316,91724380,000009.SZ,317878,2,0,9.96,3600
2026-03-16 09:17:27.450,20260316,91727450,000009.SZ,318801,2,0,9.75,1000
2026-03-16 09:17:27.560,20260316,91727560,000009.SZ,318844,1,0,9.66,600
2026-03-16 09:17:28.620,20260316,91728620,000009.SZ,319168,2,0,10.42,500
2026-03-16 09:17:29.360,20260316,91729360,000009.SZ,319412,2,0,10.4,1500
2026-03-16 09:17:30.550,20260316,91730550,000009.SZ,319818,2,0,9.87,20000
2026-03-16 09:17:31.600,20260316,91731600,000009.SZ,320136,2,0,10.42,1100
2026-03-16 09:17:32.380,20260316,91732380,000009.SZ,320369,2,0,10.38,2000
2026-03-16 09:17:33.520,20260316,91733520,000009.SZ,320701,2,0,9.95,1200
2026-03-16 09:17:33.970,20260316,91733970,000009.SZ,320848,2,0,10.41,10000
2026-03-16 09:17:36.680,20260316,91736680,000009.SZ,321702,2,0,9.99,600
2026-03-16 09:17:37.910,20260316,91737910,000009.SZ,322057,2,0,9.66,500
2026-03-16 09:17:38.560,20260316,91738560,000009.SZ,322256,2,0,9.66,200
2026-03-16 09:17:39.300,20260316,91739300,000009.SZ,322474,2,0,9.66,500
2026-03-16 09:17:42.980,20260316,91742980,000009.SZ,323649,1,0,9.7,200
2026-03-16 09:17:43.770,20260316,91743770,000009.SZ,323866,1,0,9.66,100
2026-03-16 09:17:44.350,20260316,91744350,000009.SZ,324061,2,0,10.42,200
2026-03-16 09:17:44.730,20260316,91744730,000009.SZ,324182,2,0,10.0,1500
2026-03-16 09:17:46.010,20260316,91746010,000009.SZ,324599,2,0,10.14,3000
2026-03-16 09:17:46.290,20260316,91746290,000009.SZ,324697,2,0,8.52,500
2026-03-16 09:17:50.670,20260316,91750670,000009.SZ,326103,2,0,10.0,1000
2026-03-16 09:17:52.530,20260316,91752530,000009.SZ,326695,2,0,9.8,1000
2026-03-16 09:17:52.630,20260316,91752630,000009.SZ,326729,2,0,9.8,2000
2026-03-16 09:17:53.180,20260316,91753180,000009.SZ,326916,2,0,9.66,200
2026-03-16 09:17:56.050,20260316,91756050,000009.SZ,327872,2,0,10.42,4000
2026-03-16 09:17:56.740,20260316,91756740,000009.SZ,328104,2,0,9.85,10000
2026-03-16 09:17:59.920,20260316,91759920,000009.SZ,329134,2,0,10.0,200
2026-03-16 09:18:00.170,20260316,91800170,000009.SZ,329220,2,0,10.42,3000
2026-03-16 09:18:00.710,20260316,91800710,000009.SZ,329437,2,0,9.69,200
2026-03-16 09:18:01.140,20260316,91801140,000009.SZ,329609,1,0,9.66,1500
2026-03-16 09:18:02.350,20260316,91802350,000009.SZ,330043,2,0,10.42,16000
2026-03-16 09:18:02.440,20260316,91802440,000009.SZ,330074,2,0,10.41,500
2026-03-16 09:18:04.840,20260316,91804840,000009.SZ,330870,1,0,9.47,200
2026-03-16 09:18:06.580,20260316,91806580,000009.SZ,331429,2,0,9.78,14000
2026-03-16 09:18:06.610,20260316,91806610,000009.SZ,331436,2,0,10.42,1000
2026-03-16 09:18:09.770,20260316,91809770,000009.SZ,332519,2,0,9.75,1000
2026-03-16 09:18:10.260,20260316,91810260,000009.SZ,332684,2,0,9.78,5000
2026-03-16 09:18:10.290,20260316,91810290,000009.SZ,332703,1,0,9.3,10000
2026-03-16 09:18:11.390,20260316,91811390,000009.SZ,333093,2,0,10.42,1000
2026-03-16 09:18:12.450,20260316,91812450,000009.SZ,333434,2,0,10.42,1700
2026-03-16 09:18:12.450,20260316,91812450,000009.SZ,333436,1,0,9.6,18500
2026-03-16 09:18:13.420,20260316,91813420,000009.SZ,333774,2,0,9.99,400
2026-03-16 09:18:13.510,20260316,91813510,000009.SZ,333804,2,0,9.75,2000
2026-03-16 09:18:15.230,20260316,91815230,000009.SZ,334357,2,0,10.42,2000
2026-03-16 09:18:16.410,20260316,91816410,000009.SZ,334755,2,0,10.42,1000
2026-03-16 09:18:16.420,20260316,91816420,000009.SZ,334758,2,0,9.72,4000
2026-03-16 09:18:16.980,20260316,91816980,000009.SZ,334945,1,0,9.7,5100
2026-03-16 09:18:18.560,20260316,91818560,000009.SZ,335457,1,0,9.2,1000
2026-03-16 09:18:20.430,20260316,91820430,000009.SZ,336049,2,0,9.66,1000
2026-03-16 09:18:20.980,20260316,91820980,000009.SZ,336239,2,0,9.78,2000
2026-03-16 09:18:21.590,20260316,91821590,000009.SZ,336455,1,0,9.66,900
2026-03-16 09:18:21.620,20260316,91821620,000009.SZ,336467,2,0,10.42,3000
2026-03-16 09:18:21.810,20260316,91821810,000009.SZ,336533,2,0,10.39,10000
2026-03-16 09:18:21.830,20260316,91821830,000009.SZ,336539,1,0,9.66,1000
2026-03-16 09:18:21.900,20260316,91821900,000009.SZ,336558,2,0,10.05,5700
2026-03-16 09:18:22.130,20260316,91822130,000009.SZ,336639,2,0,9.66,1500
2026-03-16 09:18:25.640,20260316,91825640,000009.SZ,337847,1,0,9.63,200
2026-03-16 09:18:29.030,20260316,91829030,000009.SZ,339003,2,0,10.0,5200
2026-03-16 09:18:29.200,20260316,91829200,000009.SZ,339064,2,0,9.66,500
2026-03-16 09:18:30.630,20260316,91830630,000009.SZ,339625,2,0,10.42,2000
2026-03-16 09:18:30.760,20260316,91830760,000009.SZ,339681,2,0,9.7,200
2026-03-16 09:18:31.730,20260316,91831730,000009.SZ,340023,2,0,9.96,1000
2026-03-16 09:18:32.530,20260316,91832530,000009.SZ,340319,1,0,9.66,500
2026-03-16 09:18:33.710,20260316,91833710,000009.SZ,340766,2,0,9.78,13600
2026-03-16 09:18:34.590,20260316,91834590,000009.SZ,341085,2,0,10.41,12000
2026-03-16 09:18:35.460,20260316,91835460,000009.SZ,341366,2,0,9.66,200
2026-03-16 09:18:36.230,20260316,91836230,000009.SZ,341635,2,0,10.42,2600
2026-03-16 09:18:36.910,20260316,91836910,000009.SZ,341861,2,0,9.68,1000
2026-03-16 09:18:37.180,20260316,91837180,000009.SZ,341954,1,0,9.66,2300
2026-03-16 09:18:37.760,20260316,91837760,000009.SZ,342171,2,0,10.37,300
2026-03-16 09:18:38.150,20260316,91838150,000009.SZ,342296,1,0,8.55,300
2026-03-16 09:18:38.420,20260316,91838420,000009.SZ,342400,2,0,10.29,1000
2026-03-16 09:18:39.220,20260316,91839220,000009.SZ,342685,1,0,9.66,500
2026-03-16 09:18:39.380,20260316,91839380,000009.SZ,342754,1,0,9.73,1500
2026-03-16 09:18:40.430,20260316,91840430,000009.SZ,343111,2,0,10.41,500
2026-03-16 09:18:40.780,20260316,91840780,000009.SZ,343219,2,0,10.42,400
2026-03-16 09:18:40.890,20260316,91840890,000009.SZ,343261,2,0,9.79,2000
2026-03-16 09:18:41.230,20260316,91841230,000009.SZ,343364,2,0,9.96,2000
2026-03-16 09:18:41.960,20260316,91841960,000009.SZ,343617,2,0,10.4,300
2026-03-16 09:18:42.420,20260316,91842420,000009.SZ,343784,2,0,10.0,3000
2026-03-16 09:18:42.820,20260316,91842820,000009.SZ,343921,2,0,10.08,400
2026-03-16 09:18:42.870,20260316,91842870,000009.SZ,343936,2,0,10.41,500
2026-03-16 09:18:43.070,20260316,91843070,000009.SZ,344005,2,0,10.39,1000
2026-03-16 09:18:47.000,20260316,91847000,000009.SZ,345420,2,0,9.7,200
2026-03-16 09:18:47.540,20260316,91847540,000009.SZ,345632,2,0,9.88,7500
2026-03-16 09:18:48.160,20260316,91848160,000009.SZ,345841,2,0,9.76,500
2026-03-16 09:18:51.560,20260316,91851560,000009.SZ,347044,2,0,9.99,300
2026-03-16 09:18:52.220,20260316,91852220,000009.SZ,347277,2,0,9.71,2000
2026-03-16 09:18:52.480,20260316,91852480,000009.SZ,347383,1,0,9.15,500
2026-03-16 09:18:52.570,20260316,91852570,000009.SZ,347425,2,0,10.41,700
2026-03-16 09:18:52.770,20260316,91852770,000009.SZ,347502,2,0,10.42,2000
2026-03-16 09:18:52.850,20260316,91852850,000009.SZ,347527,2,0,10.0,2000
2026-03-16 09:18:53.050,20260316,91853050,000009.SZ,347593,1,0,9.66,100
2026-03-16 09:18:53.180,20260316,91853180,000009.SZ,347633,1,0,9.5,5000
2026-03-16 09:18:53.760,20260316,91853760,000009.SZ,347823,2,0,10.23,12500
2026-03-16 09:18:54.330,20260316,91854330,000009.SZ,348043,2,0,9.77,900
2026-03-16 09:18:55.110,20260316,91855110,000009.SZ,348321,2,0,10.15,1100
2026-03-16 09:18:55.530,20260316,91855530,000009.SZ,348552,2,0,9.99,600
2026-03-16 09:18:56.740,20260316,91856740,000009.SZ,348989,2,0,9.68,1000
2026-03-16 09:18:56.920,20260316,91856920,000009.SZ,349056,2,0,9.66,300
2026-03-16 09:18:58.000,20260316,91858000,000009.SZ,349462,2,0,9.68,900
2026-03-16 09:18:58.090,20260316,91858090,000009.SZ,349492,1,0,9.66,1000
2026-03-16 09:18:58.380,20260316,91858380,000009.SZ,349590,2,0,10.42,300
2026-03-16 09:18:58.700,20260316,91858700,000009.SZ,349702,1,0,8.55,300
2026-03-16 09:18:58.920,20260316,91858920,000009.SZ,349790,2,0,10.41,10000
2026-03-16 09:19:00.520,20260316,91900520,000009.SZ,350421,2,0,10.42,1000
2026-03-16 09:19:02.290,20260316,91902290,000009.SZ,351076,2,0,10.42,1000
2026-03-16 09:19:02.740,20260316,91902740,000009.SZ,351236,2,0,9.97,200
2026-03-16 09:19:03.200,20260316,91903200,000009.SZ,351415,2,0,10.42,500
2026-03-16 09:19:03.890,20260316,91903890,000009.SZ,351661,2,0,9.75,100
2026-03-16 09:19:06.050,20260316,91906050,000009.SZ,352483,2,0,9.75,1000
2026-03-16 09:19:08.010,20260316,91908010,000009.SZ,353291,2,0,10.42,500
2026-03-16 09:19:08.250,20260316,91908250,000009.SZ,353375,2,0,9.96,4300
2026-03-16 09:19:08.320,20260316,91908320,000009.SZ,353397,1,0,9.3,2000
2026-03-16 09:19:10.040,20260316,91910040,000009.SZ,354030,2,0,9.8,1000
2026-03-16 09:19:11.280,20260316,91911280,000009.SZ,354513,2,0,9.8,1800
2026-03-16 09:19:12.230,20260316,91912230,000009.SZ,354916,2,0,10.42,1000
2026-03-16 09:19:12.850,20260316,91912850,000009.SZ,355155,1,0,10.42,2200
2026-03-16 09:19:13.250,20260316,91913250,000009.SZ,355318,2,0,9.85,100
2026-03-16 09:19:13.530,20260316,91913530,000009.SZ,355424,2,0,9.66,1000
2026-03-16 09:19:13.820,20260316,91913820,000009.SZ,355567,2,0,9.66,300
2026-03-16 09:19:17.510,20260316,91917510,000009.SZ,357294,1,0,9.46,100
2026-03-16 09:19:18.620,20260316,91918620,000009.SZ,357734,2,0,9.7,400
2026-03-16 09:19:18.830,20260316,91918830,000009.SZ,357805,1,0,9.66,1400
2026-03-16 09:19:20.140,20260316,91920140,000009.SZ,358334,2,0,9.66,10000
2026-03-16 09:19:20.330,20260316,91920330,000009.SZ,358436,2,0,10.42,1000
2026-03-16 09:19:20.960,20260316,91920960,000009.SZ,358678,2,0,9.66,600
2026-03-16 09:19:21.340,20260316,91921340,000009.SZ,358860,2,0,10.42,400
2026-03-16 09:19:22.510,20260316,91922510,000009.SZ,359380,2,0,9.98,3000
2026-03-16 09:19:23.410,20260316,91923410,000009.SZ,359762,2,0,9.69,1000
2026-03-16 09:19:23.670,20260316,91923670,000009.SZ,359890,2,0,10.42,200
2026-03-16 09:19:24.790,20260316,91924790,000009.SZ,360364,2,0,10.42,300
2026-03-16 09:19:24.960,20260316,91924960,000009.SZ,360441,2,0,9.69,1000
2026-03-16 09:19:25.400,20260316,91925400,000009.SZ,360651,2,0,9.98,1000
2026-03-16 09:19:25.610,20260316,91925610,000009.SZ,360735,1,0,9.4,2800
2026-03-16 09:19:25.890,20260316,91925890,000009.SZ,360870,2,0,10.4,500
2026-03-16 09:19:25.940,20260316,91925940,000009.SZ,360896,2,0,10.2,40000
2026-03-16 09:19:26.980,20260316,91926980,000009.SZ,361337,1,0,9.66,100
2026-03-16 09:19:28.900,20260316,91928900,000009.SZ,362130,2,0,9.65,600
2026-03-16 09:19:29.230,20260316,91929230,000009.SZ,362269,2,0,10.42,1000
2026-03-16 09:19:29.300,20260316,91929300,000009.SZ,362301,1,0,9.66,3200
2026-03-16 09:19:30.050,20260316,91930050,000009.SZ,362625,2,0,10.42,1100
2026-03-16 09:19:33.590,20260316,91933590,000009.SZ,364114,1,0,9.7,400
2026-03-16 09:19:33.810,20260316,91933810,000009.SZ,364213,2,0,9.89,500
2026-03-16 09:19:35.140,20260316,91935140,000009.SZ,364793,2,0,9.68,20000
2026-03-16 09:19:35.220,20260316,91935220,000009.SZ,364826,2,0,9.98,1000
2026-03-16 09:19:35.700,20260316,91935700,000009.SZ,365047,2,0,10.4,3000
2026-03-16 09:19:36.090,20260316,91936090,000009.SZ,365193,1,0,9.48,1000
2026-03-16 09:19:37.790,20260316,91937790,000009.SZ,365868,2,0,10.42,1500
2026-03-16 09:19:39.060,20260316,91939060,000009.SZ,366413,2,0,9.66,300
2026-03-16 09:19:39.970,20260316,91939970,000009.SZ,366763,2,0,10.42,500
2026-03-16 09:19:40.270,20260316,91940270,000009.SZ,366890,2,0,9.66,3200
2026-03-16 09:19:40.760,20260316,91940760,000009.SZ,367089,2,0,10.42,200
2026-03-16 09:19:41.670,20260316,91941670,000009.SZ,367493,2,0,10.08,1000
2026-03-16 09:19:42.390,20260316,91942390,000009.SZ,367792,2,0,10.15,20000
2026-03-16 09:19:43.490,20260316,91943490,000009.SZ,368256,2,0,9.63,2000
2026-03-16 09:19:44.530,20260316,91944530,000009.SZ,368677,2,0,10.04,200
2026-03-16 09:19:45.700,20260316,91945700,000009.SZ,369179,1,0,9.47,2000
2026-03-16 09:19:46.050,20260316,91946050,000009.SZ,369332,2,0,9.79,600
2026-03-16 09:19:47.050,20260316,91947050,000009.SZ,369722,2,0,9.66,2100
2026-03-16 09:19:47.100,20260316,91947100,000009.SZ,369747,1,0,9.66,500
2026-03-16 09:19:47.760,20260316,91947760,000009.SZ,370012,2,0,10.2,2000
2026-03-16 09:19:48.240,20260316,91948240,000009.SZ,370190,2,0,10.42,2600
2026-03-16 09:19:48.480,20260316,91948480,000009.SZ,370277,2,0,10.0,500
2026-03-16 09:19:48.830,20260316,91948830,000009.SZ,370414,1,0,9.54,900
2026-03-16 09:19:52.010,20260316,91952010,000009.SZ,371777,2,0,10.42,2000
2026-03-16 09:19:52.720,20260316,91952720,000009.SZ,372072,2,0,9.75,500
2026-03-16 09:19:54.730,20260316,91954730,000009.SZ,372927,2,0,9.89,4300
2026-03-16 09:19:54.740,20260316,91954740,000009.SZ,372941,2,0,9.98,4000
2026-03-16 09:19:56.930,20260316,91956930,000009.SZ,373861,2,0,9.94,3000
2026-03-16 09:19:57.890,20260316,91957890,000009.SZ,374277,2,0,10.31,2000
2026-03-16 09:19:59.700,20260316,91959700,000009.SZ,375061,2,0,9.95,10000
2026-03-16 09:20:01.330,20260316,92001330,000009.SZ,375669,2,0,9.7,1000
2026-03-16 09:20:02.330,20260316,92002330,000009.SZ,376156,2,0,10.4,10000
2026-03-16 09:20:02.690,20260316,92002690,000009.SZ,376286,2,0,9.95,100
2026-03-16 09:20:04.440,20260316,92004440,000009.SZ,377028,2,0,10.17,1500
2026-03-16 09:20:04.620,20260316,92004620,000009.SZ,377087,2,0,10.42,800
2026-03-16 09:20:05.650,20260316,92005650,000009.SZ,377491,2,0,9.55,2000
2026-03-16 09:20:06.010,20260316,92006010,000009.SZ,377617,2,0,9.29,100
2026-03-16 09:20:07.160,20260316,92007160,000009.SZ,378056,2,0,9.8,1300
2026-03-16 09:20:08.020,20260316,92008020,000009.SZ,378335,2,0,8.52,1100
2026-03-16 09:20:08.960,20260316,92008960,000009.SZ,378641,2,0,9.66,1000
2026-03-16 09:20:09.200,20260316,92009200,000009.SZ,378719,2,0,9.78,500
2026-03-16 09:20:09.300,20260316,92009300,000009.SZ,378754,2,0,9.66,100
2026-03-16 09:20:09.320,20260316,92009320,000009.SZ,378767,1,0,10.42,100
2026-03-16 09:20:09.600,20260316,92009600,000009.SZ,378872,1,0,9.63,100
2026-03-16 09:20:09.860,20260316,92009860,000009.SZ,378987,1,0,8.81,2000
2026-03-16 09:20:09.950,20260316,92009950,000009.SZ,379016,2,0,9.85,200
2026-03-16 09:20:10.860,20260316,92010860,000009.SZ,379385,2,0,10.08,1500
2026-03-16 09:20:11.300,20260316,92011300,000009.SZ,379538,2,0,9.77,100
2026-03-16 09:20:11.310,20260316,92011310,000009.SZ,379541,2,0,9.84,3000
2026-03-16 09:20:11.370,20260316,92011370,000009.SZ,379558,2,0,9.99,1000
2026-03-16 09:20:12.090,20260316,92012090,000009.SZ,379825,1,0,9.41,5000
2026-03-16 09:20:12.200,20260316,92012200,000009.SZ,379869,1,0,9.2,200
2026-03-16 09:20:12.960,20260316,92012960,000009.SZ,380169,2,0,9.8,1000
2026-03-16 09:20:14.360,20260316,92014360,000009.SZ,380629,2,0,9.66,1000
2026-03-16 09:20:14.870,20260316,92014870,000009.SZ,380794,2,0,9.66,500
2026-03-16 09:20:15.780,20260316,92015780,000009.SZ,381103,2,0,10.42,100
2026-03-16 09:20:16.800,20260316,92016800,000009.SZ,381427,2,0,9.98,1000
2026-03-16 09:20:17.310,20260316,92017310,000009.SZ,381587,2,0,9.66,300
2026-03-16 09:20:18.390,20260316,92018390,000009.SZ,381932,2,0,9.66,1000
2026-03-16 09:20:18.500,20260316,92018500,000009.SZ,381975,2,0,10.1,7500
2026-03-16 09:20:19.000,20260316,92019000,000009.SZ,382175,2,0,9.8,100
2026-03-16 09:20:20.640,20260316,92020640,000009.SZ,382743,2,0,9.67,500
2026-03-16 09:20:20.790,20260316,92020790,000009.SZ,382790,2,0,9.63,25000
2026-03-16 09:20:21.130,20260316,92021130,000009.SZ,382900,2,0,9.47,10000
2026-03-16 09:20:21.560,20260316,92021560,000009.SZ,383038,2,0,8.52,17300
2026-03-16 09:20:22.620,20260316,92022620,000009.SZ,383383,2,0,10.42,3000
2026-03-16 09:20:23.080,20260316,92023080,000009.SZ,383523,2,0,9.7,100
2026-03-16 09:20:24.230,20260316,92024230,000009.SZ,383884,1,0,9.55,500
2026-03-16 09:20:24.330,20260316,92024330,000009.SZ,383913,2,0,9.76,20000
2026-03-16 09:20:24.800,20260316,92024800,000009.SZ,384085,2,0,9.75,30000
2026-03-16 09:20:24.840,20260316,92024840,000009.SZ,384098,2,0,9.96,200
2026-03-16 09:20:26.380,20260316,92026380,000009.SZ,384626,1,0,10.42,10000
2026-03-16 09:20:27.290,20260316,92027290,000009.SZ,384923,1,0,9.18,2000
2026-03-16 09:20:27.430,20260316,92027430,000009.SZ,384969,2,0,9.65,200
2026-03-16 09:20:27.580,20260316,92027580,000009.SZ,385033,2,0,9.92,1000
2026-03-16 09:20:28.610,20260316,92028610,000009.SZ,385391,2,0,9.8,2000
2026-03-16 09:20:28.670,20260316,92028670,000009.SZ,385408,2,0,9.82,800
2026-03-16 09:20:29.570,20260316,92029570,000009.SZ,385730,2,0,10.34,3000
2026-03-16 09:20:31.160,20260316,92031160,000009.SZ,386250,2,0,9.7,1000
2026-03-16 09:20:31.310,20260316,92031310,000009.SZ,386311,2,0,9.52,1200
2026-03-16 09:20:31.520,20260316,92031520,000009.SZ,386377,2,0,9.89,1000
2026-03-16 09:20:31.600,20260316,92031600,000009.SZ,386409,2,0,10.39,2000
2026-03-16 09:20:32.350,20260316,92032350,000009.SZ,386660,2,0,10.1,100
2026-03-16 09:20:32.580,20260316,92032580,000009.SZ,386742,2,0,9.69,2000
2026-03-16 09:20:32.700,20260316,92032700,000009.SZ,386779,2,0,10.0,800
2026-03-16 09:20:33.760,20260316,92033760,000009.SZ,387166,2,0,9.7,1000
2026-03-16 09:20:36.730,20260316,92036730,000009.SZ,388200,2,0,10.39,3000
2026-03-16 09:20:37.370,20260316,92037370,000009.SZ,388446,2,0,9.63,100
2026-03-16 09:20:38.290,20260316,92038290,000009.SZ,388798,1,0,9.66,500
2026-03-16 09:20:38.860,20260316,92038860,000009.SZ,388998,2,0,9.8,1000
2026-03-16 09:20:42.340,20260316,92042340,000009.SZ,390289,2,0,10.42,500
2026-03-16 09:20:43.370,20260316,92043370,000009.SZ,390642,2,0,9.63,400
2026-03-16 09:20:43.420,20260316,92043420,000009.SZ,390661,1,0,9.63,500
2026-03-16 09:20:43.560,20260316,92043560,000009.SZ,390699,2,0,9.63,1000
2026-03-16 09:20:44.420,20260316,92044420,000009.SZ,391009,2,0,9.75,5000
2026-03-16 09:20:44.990,20260316,92044990,000009.SZ,391226,2,0,10.4,7800
2026-03-16 09:20:45.270,20260316,92045270,000009.SZ,391326,2,0,8.52,4000
2026-03-16 09:20:45.290,20260316,92045290,000009.SZ,391339,2,0,9.85,500
2026-03-16 09:20:45.390,20260316,92045390,000009.SZ,391373,1,0,9.63,10500
2026-03-16 09:20:45.750,20260316,92045750,000009.SZ,391518,1,0,9.63,1000
2026-03-16 09:20:46.190,20260316,92046190,000009.SZ,391693,2,0,8.52,3500
2026-03-16 09:20:46.250,20260316,92046250,000009.SZ,391711,2,0,10.0,1500
2026-03-16 09:20:46.970,20260316,92046970,000009.SZ,391969,2,0,9.8,500
2026-03-16 09:20:47.300,20260316,92047300,000009.SZ,392078,2,0,9.69,1000
2026-03-16 09:20:48.220,20260316,92048220,000009.SZ,392392,2,0,9.88,300
2026-03-16 09:20:48.430,20260316,92048430,000009.SZ,392483,1,0,9.63,500
2026-03-16 09:20:48.970,20260316,92048970,000009.SZ,392679,1,0,9.28,200
2026-03-16 09:20:49.270,20260316,92049270,000009.SZ,392793,1,0,8.55,300
2026-03-16 09:20:50.640,20260316,92050640,000009.SZ,393306,2,0,10.42,15000
2026-03-16 09:20:51.690,20260316,92051690,000009.SZ,393697,2,0,9.59,1000
2026-03-16 09:20:52.550,20260316,92052550,000009.SZ,394028,1,0,9.4,3000
2026-03-16 09:20:54.270,20260316,92054270,000009.SZ,394659,2,0,9.75,2000
2026-03-16 09:20:55.810,20260316,92055810,000009.SZ,395262,2,0,10.42,3700
2026-03-16 09:20:57.540,20260316,92057540,000009.SZ,395879,1,0,8.98,200
2026-03-16 09:20:58.660,20260316,92058660,000009.SZ,396290,2,0,9.99,10000
2026-03-16 09:20:58.710,20260316,92058710,000009.SZ,396309,2,0,9.93,1000
2026-03-16 09:20:58.880,20260316,92058880,000009.SZ,396361,1,0,9.3,20000
2026-03-16 09:20:59.150,20260316,92059150,000009.SZ,396468,2,0,9.63,1600
2026-03-16 09:21:00.300,20260316,92100300,000009.SZ,396918,1,0,10.42,900
2026-03-16 09:21:00.500,20260316,92100500,000009.SZ,397100,1,0,10.42,800
2026-03-16 09:21:00.500,20260316,92100500,000009.SZ,397103,1,0,10.42,3200
2026-03-16 09:21:01.170,20260316,92101170,000009.SZ,397828,2,0,9.64,1000
2026-03-16 09:21:02.460,20260316,92102460,000009.SZ,398625,2,0,9.68,2900
2026-03-16 09:21:03.030,20260316,92103030,000009.SZ,398928,1,0,9.52,100
2026-03-16 09:21:03.300,20260316,92103300,000009.SZ,399026,2,0,10.32,6400
2026-03-16 09:21:03.750,20260316,92103750,000009.SZ,399242,2,0,10.38,100
2026-03-16 09:21:03.810,20260316,92103810,000009.SZ,399271,2,0,8.52,300
2026-03-16 09:21:05.480,20260316,92105480,000009.SZ,400024,2,0,8.56,400
2026-03-16 09:21:05.480,20260316,92105480,000009.SZ,400026,1,0,9.18,1000
2026-03-16 09:21:05.770,20260316,92105770,000009.SZ,400151,2,0,10.42,500
2026-03-16 09:21:06.320,20260316,92106320,000009.SZ,400346,2,0,10.42,1000
2026-03-16 09:21:06.510,20260316,92106510,000009.SZ,400420,2,0,9.73,2000
2026-03-16 09:21:06.780,20260316,92106780,000009.SZ,400537,1,0,9.32,1900
2026-03-16 09:21:07.380,20260316,92107380,000009.SZ,400754,2,0,9.63,5500
2026-03-16 09:21:07.750,20260316,92107750,000009.SZ,400894,1,0,9.23,2000
2026-03-16 09:21:08.550,20260316,92108550,000009.SZ,401176,1,0,9.55,100
2026-03-16 09:21:08.990,20260316,92108990,000009.SZ,401351,2,0,9.0,3800
2026-03-16 09:21:09.570,20260316,92109570,000009.SZ,401590,2,0,9.93,3500
2026-03-16 09:21:09.880,20260316,92109880,000009.SZ,401696,2,0,9.8,5000
2026-03-16 09:21:10.160,20260316,92110160,000009.SZ,401791,2,0,9.88,1000
2026-03-16 09:21:10.600,20260316,92110600,000009.SZ,401953,2,0,9.83,1000
2026-03-16 09:21:10.670,20260316,92110670,000009.SZ,401979,2,0,10.42,2200
2026-03-16 09:21:11.380,20260316,92111380,000009.SZ,402254,2,0,9.63,1000
2026-03-16 09:21:12.620,20260316,92112620,000009.SZ,402753,2,0,10.38,700
2026-03-16 09:21:12.720,20260316,92112720,000009.SZ,402802,2,0,9.77,800
2026-03-16 09:21:14.630,20260316,92114630,000009.SZ,403598,2,0,10.17,27000
2026-03-16 09:21:15.870,20260316,92115870,000009.SZ,404063,2,0,9.68,8400
2026-03-16 09:21:15.950,20260316,92115950,000009.SZ,404095,2,0,9.63,100
2026-03-16 09:21:17.480,20260316,92117480,000009.SZ,404649,2,0,9.92,1000
2026-03-16 09:21:17.520,20260316,92117520,000009.SZ,404668,2,0,9.88,1620
2026-03-16 09:21:17.630,20260316,92117630,000009.SZ,404705,2,0,9.63,21400
2026-03-16 09:21:18.220,20260316,92118220,000009.SZ,404924,2,0,9.78,3000
2026-03-16 09:21:18.720,20260316,92118720,000009.SZ,405109,2,0,9.9,3300
2026-03-16 09:21:19.560,20260316,92119560,000009.SZ,405437,2,0,10.42,1000
2026-03-16 09:21:20.040,20260316,92120040,000009.SZ,405633,1,0,9.67,800
2026-03-16 09:21:20.450,20260316,92120450,000009.SZ,405781,2,0,9.75,1000
2026-03-16 09:21:21.410,20260316,92121410,000009.SZ,406171,2,0,9.68,500
2026-03-16 09:21:22.030,20260316,92122030,000009.SZ,406437,2,0,9.75,1000
2026-03-16 09:21:22.420,20260316,92122420,000009.SZ,406602,2,0,9.75,500
2026-03-16 09:21:23.030,20260316,92123030,000009.SZ,406874,2,0,10.26,1100
2026-03-16 09:21:23.830,20260316,92123830,000009.SZ,407188,2,0,10.28,1000
2026-03-16 09:21:24.440,20260316,92124440,000009.SZ,407424,2,0,10.02,1000
2026-03-16 09:21:27.790,20260316,92127790,000009.SZ,408778,1,0,9.25,1000
2026-03-16 09:21:28.420,20260316,92128420,000009.SZ,409008,2,0,10.4,4400
2026-03-16 09:21:28.790,20260316,92128790,000009.SZ,409152,1,0,9.2,2000
2026-03-16 09:21:29.660,20260316,92129660,000009.SZ,409540,2,0,9.78,500
2026-03-16 09:21:29.870,20260316,92129870,000009.SZ,409633,1,0,9.63,1000
2026-03-16 09:21:30.270,20260316,92130270,000009.SZ,409820,2,0,9.9,500
2026-03-16 09:21:30.590,20260316,92130590,000009.SZ,409986,2,0,10.12,1000
2026-03-16 09:21:30.720,20260316,92130720,000009.SZ,410062,1,0,9.63,2000
2026-03-16 09:21:31.020,20260316,92131020,000009.SZ,410204,2,0,9.6,3000
2026-03-16 09:21:31.060,20260316,92131060,000009.SZ,410218,1,0,9.8,100
2026-03-16 09:21:31.120,20260316,92131120,000009.SZ,410239,1,0,9.22,500
2026-03-16 09:21:31.950,20260316,92131950,000009.SZ,410617,2,0,10.02,1000
2026-03-16 09:21:31.990,20260316,92131990,000009.SZ,410642,2,0,10.42,72200
2026-03-16 09:21:32.480,20260316,92132480,000009.SZ,410848,2,0,9.96,600
2026-03-16 09:21:33.440,20260316,92133440,000009.SZ,411246,2,0,9.6,2100
2026-03-16 09:21:33.570,20260316,92133570,000009.SZ,411314,2,0,9.67,1600
2026-03-16 09:21:34.970,20260316,92134970,000009.SZ,411860,2,0,8.52,100
2026-03-16 09:21:35.090,20260316,92135090,000009.SZ,411912,1,0,9.6,1000
2026-03-16 09:21:35.180,20260316,92135180,000009.SZ,411948,2,0,9.8,500
2026-03-16 09:21:36.260,20260316,92136260,000009.SZ,412386,2,0,10.22,1000
2026-03-16 09:21:36.330,20260316,92136330,000009.SZ,412415,2,0,10.0,5000
2026-03-16 09:21:36.480,20260316,92136480,000009.SZ,412477,1,0,9.63,600
2026-03-16 09:21:36.980,20260316,92136980,000009.SZ,412665,1,0,9.24,3200
2026-03-16 09:21:37.410,20260316,92137410,000009.SZ,412835,2,0,10.36,6500
2026-03-16 09:21:37.910,20260316,92137910,000009.SZ,413030,2,0,10.42,1900
2026-03-16 09:21:38.070,20260316,92138070,000009.SZ,413097,1,0,9.47,21100
2026-03-16 09:21:38.960,20260316,92138960,000009.SZ,413479,2,0,9.78,5000
2026-03-16 09:21:39.310,20260316,92139310,000009.SZ,413645,2,0,10.39,9500
2026-03-16 09:21:40.290,20260316,92140290,000009.SZ,414029,1,0,9.6,1000
2026-03-16 09:21:40.470,20260316,92140470,000009.SZ,414095,1,0,9.43,2800
2026-03-16 09:21:40.690,20260316,92140690,000009.SZ,414220,2,0,9.99,3000
2026-03-16 09:21:41.380,20260316,92141380,000009.SZ,414515,1,0,9.63,4100
2026-03-16 09:21:42.210,20260316,92142210,000009.SZ,414851,1,0,9.63,300
2026-03-16 09:21:42.540,20260316,92142540,000009.SZ,414964,2,0,9.83,300
2026-03-16 09:21:42.980,20260316,92142980,000009.SZ,415150,2,0,10.32,1000
2026-03-16 09:21:43.160,20260316,92143160,000009.SZ,415221,2,0,10.42,10000
2026-03-16 09:21:43.230,20260316,92143230,000009.SZ,415257,2,0,9.9,1000
2026-03-16 09:21:43.520,20260316,92143520,000009.SZ,415381,2,0,9.94,14000
2026-03-16 09:21:44.340,20260316,92144340,000009.SZ,415693,2,0,10.31,100
2026-03-16 09:21:44.520,20260316,92144520,000009.SZ,415772,2,0,9.85,1000
2026-03-16 09:21:44.710,20260316,92144710,000009.SZ,415851,2,0,10.42,21400
2026-03-16 09:21:45.890,20260316,92145890,000009.SZ,416345,2,0,9.87,1000
2026-03-16 09:21:48.810,20260316,92148810,000009.SZ,417523,2,0,10.18,1000
2026-03-16 09:21:48.910,20260316,92148910,000009.SZ,417566,2,0,10.42,1000
2026-03-16 09:21:49.810,20260316,92149810,000009.SZ,417954,2,0,9.6,1000
2026-03-16 09:21:50.170,20260316,92150170,000009.SZ,418101,2,0,9.69,2000
2026-03-16 09:21:50.450,20260316,92150450,000009.SZ,418240,2,0,9.76,10700
2026-03-16 09:21:52.050,20260316,92152050,000009.SZ,418879,2,0,9.89,100
2026-03-16 09:21:53.030,20260316,92153030,000009.SZ,419292,2,0,9.69,1100
2026-03-16 09:21:54.150,20260316,92154150,000009.SZ,419724,2,0,9.68,4000
2026-03-16 09:21:56.550,20260316,92156550,000009.SZ,420759,2,0,10.41,100
2026-03-16 09:21:56.690,20260316,92156690,000009.SZ,420827,1,0,9.66,300
2026-03-16 09:21:56.720,20260316,92156720,000009.SZ,420836,2,0,9.6,3000
2026-03-16 09:21:56.820,20260316,92156820,000009.SZ,420885,2,0,9.78,10000
2026-03-16 09:22:00.250,20260316,92200250,000009.SZ,422315,2,0,10.16,100
2026-03-16 09:22:00.650,20260316,92200650,000009.SZ,422478,1,0,10.42,1100
2026-03-16 09:22:01.260,20260316,92201260,000009.SZ,422737,2,0,9.8,2000
2026-03-16 09:22:01.500,20260316,92201500,000009.SZ,422830,1,0,9.88,1000
2026-03-16 09:22:05.990,20260316,92205990,000009.SZ,424705,1,0,9.63,1000
2026-03-16 09:22:06.790,20260316,92206790,000009.SZ,425052,1,0,9.3,3100
2026-03-16 09:22:07.110,20260316,92207110,000009.SZ,425161,1,0,10.42,1600
2026-03-16 09:22:07.330,20260316,92207330,000009.SZ,425266,2,0,9.59,1000
2026-03-16 09:22:08.440,20260316,92208440,000009.SZ,425774,2,0,10.42,2000
2026-03-16 09:22:09.190,20260316,92209190,000009.SZ,426083,2,0,9.79,100
2026-03-16 09:22:09.860,20260316,92209860,000009.SZ,426365,2,0,10.22,1000
2026-03-16 09:22:09.920,20260316,92209920,000009.SZ,426396,2,0,9.63,2600
2026-03-16 09:22:10.260,20260316,92210260,000009.SZ,426541,1,0,9.56,100
2026-03-16 09:22:11.470,20260316,92211470,000009.SZ,427055,2,0,9.63,1000
2026-03-16 09:22:11.760,20260316,92211760,000009.SZ,427174,2,0,9.66,2000
2026-03-16 09:22:12.100,20260316,92212100,000009.SZ,427337,2,0,9.63,300
2026-03-16 09:22:12.360,20260316,92212360,000009.SZ,427467,2,0,9.99,100
2026-03-16 09:22:13.540,20260316,92213540,000009.SZ,427994,2,0,9.0,200
2026-03-16 09:22:13.560,20260316,92213560,000009.SZ,428006,1,0,9.35,2000
2026-03-16 09:22:16.050,20260316,92216050,000009.SZ,429178,2,0,9.63,5000
2026-03-16 09:22:16.120,20260316,92216120,000009.SZ,429208,1,0,9.51,1000
2026-03-16 09:22:16.360,20260316,92216360,000009.SZ,429318,1,0,9.6,2000
2026-03-16 09:22:16.410,20260316,92216410,000009.SZ,429342,2,0,10.41,100
2026-03-16 09:22:17.330,20260316,92217330,000009.SZ,429730,2,0,10.41,400
2026-03-16 09:22:18.580,20260316,92218580,000009.SZ,430285,2,0,9.65,500
2026-03-16 09:22:19.930,20260316,92219930,000009.SZ,430912,2,0,9.88,1000
2026-03-16 09:22:20.010,20260316,92220010,000009.SZ,430941,1,0,9.38,4000
2026-03-16 09:22:22.640,20260316,92222640,000009.SZ,432027,2,0,9.83,1000
2026-03-16 09:22:23.040,20260316,92223040,000009.SZ,432220,1,0,9.48,6000
2026-03-16 09:22:23.290,20260316,92223290,000009.SZ,432325,1,0,9.51,10000
2026-03-16 09:22:23.380,20260316,92223380,000009.SZ,432369,2,0,10.42,2600
2026-03-16 09:22:23.570,20260316,92223570,000009.SZ,432450,2,0,10.35,200
2026-03-16 09:22:24.250,20260316,92224250,000009.SZ,432739,1,0,9.69,10000
