timestamp,date,stamp,code,order_no,bs_flag,order_type,order_price,order_volume
2026-04-10 09:15:00.030,20260410,91500030,000009.SZ,717,2,0,9.54,1200
2026-04-10 09:15:00.030,20260410,91500030,000009.SZ,917,2,0,9.4,100
2026-04-10 09:15:00.030,20260410,91500030,000009.SZ,1069,2,0,9.54,100
2026-04-10 09:15:00.040,20260410,91500040,000009.SZ,2194,2,0,8.99,1900
2026-04-10 09:15:00.040,20260410,91500040,000009.SZ,2807,2,0,8.98,600
2026-04-10 09:15:00.040,20260410,91500040,000009.SZ,4074,1,0,8.48,1200
2026-04-10 09:15:00.040,20260410,91500040,000009.SZ,4107,2,0,9.54,300
2026-04-10 09:15:00.050,20260410,91500050,000009.SZ,5721,1,0,8.44,2000
2026-04-10 09:15:00.050,20260410,91500050,000009.SZ,5921,1,0,8.51,500
2026-04-10 09:15:00.050,20260410,91500050,000009.SZ,7605,2,0,9.5,100
2026-04-10 09:15:00.050,20260410,91500050,000009.SZ,7850,1,0,8.4,200
2026-04-10 09:15:00.060,20260410,91500060,000009.SZ,9702,1,0,8.3,100
2026-04-10 09:15:00.060,20260410,91500060,000009.SZ,10271,2,0,9.54,3000
2026-04-10 09:15:00.060,20260410,91500060,000009.SZ,10320,2,0,8.83,500
2026-04-10 09:15:00.060,20260410,91500060,000009.SZ,10561,2,0,9.54,22000
2026-04-10 09:15:00.060,20260410,91500060,000009.SZ,10821,2,0,9.1,5000
2026-04-10 09:15:00.060,20260410,91500060,000009.SZ,11693,2,0,9.06,200
2026-04-10 09:15:00.060,20260410,91500060,000009.SZ,12097,2,0,9.1,1000
2026-04-10 09:15:00.060,20260410,91500060,000009.SZ,12724,1,0,8.58,10000
2026-04-10 09:15:00.070,20260410,91500070,000009.SZ,14215,2,0,9.16,600
2026-04-10 09:15:00.070,20260410,91500070,000009.SZ,14408,2,0,9.54,5000
2026-04-10 09:15:00.070,20260410,91500070,000009.SZ,14438,1,0,8.5,100
2026-04-10 09:15:00.070,20260410,91500070,000009.SZ,14656,2,0,9.44,1500
2026-04-10 09:15:00.070,20260410,91500070,000009.SZ,14848,2,0,9.54,100
2026-04-10 09:15:00.070,20260410,91500070,000009.SZ,14849,2,0,9.48,100
2026-04-10 09:15:00.070,20260410,91500070,000009.SZ,14850,2,0,9.39,100
2026-04-10 09:15:00.070,20260410,91500070,000009.SZ,14851,2,0,9.29,100
2026-04-10 09:15:00.070,20260410,91500070,000009.SZ,14853,2,0,9.19,100
2026-04-10 09:15:00.070,20260410,91500070,000009.SZ,14859,2,0,9.53,11000
2026-04-10 09:15:00.070,20260410,91500070,000009.SZ,16896,2,0,9.11,2000
2026-04-10 09:15:00.070,20260410,91500070,000009.SZ,17631,1,0,8.58,1000
2026-04-10 09:15:00.070,20260410,91500070,000009.SZ,17632,2,0,8.99,1000
2026-04-10 09:15:00.080,20260410,91500080,000009.SZ,18808,2,0,9.54,500
2026-04-10 09:15:00.080,20260410,91500080,000009.SZ,19866,2,0,8.97,400
2026-04-10 09:15:00.080,20260410,91500080,000009.SZ,19882,2,0,9.38,400
2026-04-10 09:15:00.080,20260410,91500080,000009.SZ,20162,2,0,8.76,800
2026-04-10 09:15:00.080,20260410,91500080,000009.SZ,21333,2,0,9.42,2000
2026-04-10 09:15:00.080,20260410,91500080,000009.SZ,21363,2,0,8.93,2000
2026-04-10 09:15:00.080,20260410,91500080,000009.SZ,22286,1,0,8.72,400
2026-04-10 09:15:00.080,20260410,91500080,000009.SZ,22393,2,0,9.02,6500
2026-04-10 09:15:00.090,20260410,91500090,000009.SZ,23228,1,0,8.51,1300
2026-04-10 09:15:00.090,20260410,91500090,000009.SZ,23895,1,0,8.28,200
2026-04-10 09:15:00.090,20260410,91500090,000009.SZ,24095,1,0,8.51,1000
2026-04-10 09:15:00.090,20260410,91500090,000009.SZ,24174,2,0,8.95,1000
2026-04-10 09:15:00.090,20260410,91500090,000009.SZ,24217,1,0,8.18,300
2026-04-10 09:15:00.090,20260410,91500090,000009.SZ,24333,2,0,9.54,200
2026-04-10 09:15:00.090,20260410,91500090,000009.SZ,24524,1,0,8.4,200
2026-04-10 09:15:00.090,20260410,91500090,000009.SZ,25360,2,0,9.5,2300
2026-04-10 09:15:00.090,20260410,91500090,000009.SZ,25582,1,0,8.45,1000
2026-04-10 09:15:00.100,20260410,91500100,000009.SZ,27245,1,0,8.3,100
2026-04-10 09:15:00.100,20260410,91500100,000009.SZ,27248,1,0,7.9,100
2026-04-10 09:15:00.100,20260410,91500100,000009.SZ,27406,2,0,9.08,1000
2026-04-10 09:15:00.100,20260410,91500100,000009.SZ,28486,1,0,8.4,6000
2026-04-10 09:15:00.100,20260410,91500100,000009.SZ,28490,1,0,8.01,4000
2026-04-10 09:15:00.100,20260410,91500100,000009.SZ,28491,2,0,9.54,6000
2026-04-10 09:15:00.100,20260410,91500100,000009.SZ,28496,2,0,9.54,7000
2026-04-10 09:15:00.100,20260410,91500100,000009.SZ,28497,1,0,8.4,3000
2026-04-10 09:15:00.100,20260410,91500100,000009.SZ,28498,1,0,8.01,3900
2026-04-10 09:15:00.100,20260410,91500100,000009.SZ,28528,2,0,9.54,10000
2026-04-10 09:15:00.100,20260410,91500100,000009.SZ,28529,1,0,8.4,8000
2026-04-10 09:15:00.100,20260410,91500100,000009.SZ,28530,1,0,8.01,6000
2026-04-10 09:15:00.100,20260410,91500100,000009.SZ,28534,2,0,8.9,2000
2026-04-10 09:15:00.100,20260410,91500100,000009.SZ,28535,2,0,9.54,20000
2026-04-10 09:15:00.100,20260410,91500100,000009.SZ,28537,1,0,8.4,10000
2026-04-10 09:15:00.100,20260410,91500100,000009.SZ,28538,1,0,8.01,10000
2026-04-10 09:15:00.100,20260410,91500100,000009.SZ,28615,2,0,9.54,20000
2026-04-10 09:15:00.100,20260410,91500100,000009.SZ,28616,1,0,8.4,10000
2026-04-10 09:15:00.100,20260410,91500100,000009.SZ,28617,1,0,8.01,10000
2026-04-10 09:15:00.100,20260410,91500100,000009.SZ,29465,2,0,9.5,500
2026-04-10 09:15:00.100,20260410,91500100,000009.SZ,29637,2,0,9.1,1000
2026-04-10 09:15:00.110,20260410,91500110,000009.SZ,30419,2,0,9.12,3900
2026-04-10 09:15:00.110,20260410,91500110,000009.SZ,32214,2,0,9.35,900
2026-04-10 09:15:00.120,20260410,91500120,000009.SZ,33802,2,0,9.46,600
2026-04-10 09:15:00.120,20260410,91500120,000009.SZ,36343,2,0,9.53,100
2026-04-10 09:15:00.120,20260410,91500120,000009.SZ,38119,2,0,9.54,5000
2026-04-10 09:15:00.130,20260410,91500130,000009.SZ,40079,1,0,8.0,600
2026-04-10 09:15:00.130,20260410,91500130,000009.SZ,40727,1,0,7.8,100
2026-04-10 09:15:00.130,20260410,91500130,000009.SZ,40728,1,0,8.22,100
2026-04-10 09:15:00.140,20260410,91500140,000009.SZ,42307,2,0,9.4,500
2026-04-10 09:15:00.140,20260410,91500140,000009.SZ,42827,1,0,8.4,10000
2026-04-10 09:15:00.140,20260410,91500140,000009.SZ,42830,1,0,8.01,10000
2026-04-10 09:15:00.140,20260410,91500140,000009.SZ,43554,2,0,9.53,600
2026-04-10 09:15:00.140,20260410,91500140,000009.SZ,44130,1,0,8.43,2000
2026-04-10 09:15:00.140,20260410,91500140,000009.SZ,44141,2,0,9.54,5000
2026-04-10 09:15:00.140,20260410,91500140,000009.SZ,45397,2,0,8.99,200
2026-04-10 09:15:00.140,20260410,91500140,000009.SZ,45948,2,0,9.18,1000
2026-04-10 09:15:00.140,20260410,91500140,000009.SZ,45949,2,0,9.28,1000
2026-04-10 09:15:00.150,20260410,91500150,000009.SZ,47822,1,0,8.35,300
2026-04-10 09:15:00.150,20260410,91500150,000009.SZ,47890,1,0,8.4,500
2026-04-10 09:15:00.160,20260410,91500160,000009.SZ,49645,1,0,8.52,200
2026-04-10 09:15:00.160,20260410,91500160,000009.SZ,49687,2,0,9.54,1500
2026-04-10 09:15:00.160,20260410,91500160,000009.SZ,49738,2,0,9.51,700
2026-04-10 09:15:00.160,20260410,91500160,000009.SZ,49741,2,0,9.38,1000
2026-04-10 09:15:00.160,20260410,91500160,000009.SZ,51469,2,0,9.54,2000
2026-04-10 09:15:00.160,20260410,91500160,000009.SZ,51470,2,0,9.09,1000
2026-04-10 09:15:00.160,20260410,91500160,000009.SZ,52152,2,0,9.5,1800
2026-04-10 09:15:00.160,20260410,91500160,000009.SZ,52593,1,0,8.41,10000
2026-04-10 09:15:00.160,20260410,91500160,000009.SZ,52595,1,0,8.01,10000
2026-04-10 09:15:00.160,20260410,91500160,000009.SZ,52596,2,0,9.54,35000
2026-04-10 09:15:00.170,20260410,91500170,000009.SZ,53310,1,0,8.67,300
2026-04-10 09:15:00.170,20260410,91500170,000009.SZ,54359,2,0,9.53,1200
2026-04-10 09:15:00.170,20260410,91500170,000009.SZ,55429,2,0,9.1,200
2026-04-10 09:15:00.170,20260410,91500170,000009.SZ,55430,2,0,9.35,200
2026-04-10 09:15:00.180,20260410,91500180,000009.SZ,56347,2,0,9.5,600
2026-04-10 09:15:00.180,20260410,91500180,000009.SZ,56788,2,0,9.5,100
2026-04-10 09:15:00.180,20260410,91500180,000009.SZ,56840,1,0,8.51,200
2026-04-10 09:15:00.180,20260410,91500180,000009.SZ,56854,2,0,9.53,1000
2026-04-10 09:15:00.180,20260410,91500180,000009.SZ,57849,1,0,7.88,2000
2026-04-10 09:15:00.180,20260410,91500180,000009.SZ,57955,2,0,9.3,1200
2026-04-10 09:15:00.180,20260410,91500180,000009.SZ,58478,1,0,7.8,2000
2026-04-10 09:15:00.180,20260410,91500180,000009.SZ,58496,2,0,9.54,500
2026-04-10 09:15:00.180,20260410,91500180,000009.SZ,58679,2,0,8.86,200
2026-04-10 09:15:00.190,20260410,91500190,000009.SZ,59478,2,0,8.96,2300
2026-04-10 09:15:00.190,20260410,91500190,000009.SZ,59549,1,0,8.08,700
2026-04-10 09:15:00.190,20260410,91500190,000009.SZ,60533,2,0,9.54,100
2026-04-10 09:15:00.190,20260410,91500190,000009.SZ,61224,2,0,9.2,6000
2026-04-10 09:15:00.190,20260410,91500190,000009.SZ,61225,2,0,9.36,6000
2026-04-10 09:15:00.190,20260410,91500190,000009.SZ,61318,2,0,9.54,100
2026-04-10 09:15:00.190,20260410,91500190,000009.SZ,61620,2,0,8.79,38600
2026-04-10 09:15:00.200,20260410,91500200,000009.SZ,62468,1,0,8.11,100
2026-04-10 09:15:00.200,20260410,91500200,000009.SZ,63215,2,0,9.25,5000
2026-04-10 09:15:00.200,20260410,91500200,000009.SZ,63372,2,0,9.54,1000
2026-04-10 09:15:00.200,20260410,91500200,000009.SZ,63373,2,0,9.39,1000
2026-04-10 09:15:00.200,20260410,91500200,000009.SZ,63903,1,0,8.02,400
2026-04-10 09:15:00.200,20260410,91500200,000009.SZ,64105,2,0,9.2,1100
2026-04-10 09:15:00.200,20260410,91500200,000009.SZ,64588,2,0,9.08,2100
2026-04-10 09:15:00.210,20260410,91500210,000009.SZ,66024,1,0,8.43,200
2026-04-10 09:15:00.210,20260410,91500210,000009.SZ,66943,1,0,8.58,400
2026-04-10 09:15:00.210,20260410,91500210,000009.SZ,67609,1,0,8.41,10000
2026-04-10 09:15:00.210,20260410,91500210,000009.SZ,67612,1,0,8.01,10000
2026-04-10 09:15:00.210,20260410,91500210,000009.SZ,67623,2,0,9.0,1100
2026-04-10 09:15:00.210,20260410,91500210,000009.SZ,67624,2,0,9.1,1100
2026-04-10 09:15:00.210,20260410,91500210,000009.SZ,67625,2,0,9.3,1100
2026-04-10 09:15:00.210,20260410,91500210,000009.SZ,67627,1,0,8.41,1600
2026-04-10 09:15:00.210,20260410,91500210,000009.SZ,67628,1,0,8.01,1800
2026-04-10 09:15:00.220,20260410,91500220,000009.SZ,68034,1,0,8.6,200
2026-04-10 09:15:00.220,20260410,91500220,000009.SZ,68370,1,0,7.8,200
2026-04-10 09:15:00.220,20260410,91500220,000009.SZ,68960,2,0,9.0,1300
2026-04-10 09:15:00.220,20260410,91500220,000009.SZ,69810,2,0,8.99,10000
2026-04-10 09:15:00.220,20260410,91500220,000009.SZ,70062,2,0,9.54,400
2026-04-10 09:15:00.220,20260410,91500220,000009.SZ,70100,2,0,8.9,200
2026-04-10 09:15:00.230,20260410,91500230,000009.SZ,72009,2,0,8.98,600
2026-04-10 09:15:00.240,20260410,91500240,000009.SZ,72031,1,0,8.53,1000
2026-04-10 09:15:00.240,20260410,91500240,000009.SZ,72504,2,0,8.93,1000
2026-04-10 09:15:00.240,20260410,91500240,000009.SZ,72507,2,0,9.05,1000
2026-04-10 09:15:00.240,20260410,91500240,000009.SZ,72508,2,0,9.11,1000
2026-04-10 09:15:00.240,20260410,91500240,000009.SZ,73600,2,0,8.98,3000
2026-04-10 09:15:00.250,20260410,91500250,000009.SZ,75482,2,0,8.99,600
2026-04-10 09:15:00.260,20260410,91500260,000009.SZ,76707,1,0,8.4,500
2026-04-10 09:15:00.260,20260410,91500260,000009.SZ,76738,2,0,8.77,5000
2026-04-10 09:15:00.260,20260410,91500260,000009.SZ,76768,1,0,8.57,2000
2026-04-10 09:15:00.260,20260410,91500260,000009.SZ,77566,2,0,8.86,1000
2026-04-10 09:15:00.260,20260410,91500260,000009.SZ,77714,2,0,9.5,500
2026-04-10 09:15:00.260,20260410,91500260,000009.SZ,77883,2,0,9.29,800
2026-04-10 09:15:00.270,20260410,91500270,000009.SZ,78665,2,0,9.54,2500
2026-04-10 09:15:00.280,20260410,91500280,000009.SZ,80896,2,0,9.3,1600
2026-04-10 09:15:00.280,20260410,91500280,000009.SZ,81015,2,0,8.97,5000
2026-04-10 09:15:00.290,20260410,91500290,000009.SZ,82220,2,0,9.53,20600
2026-04-10 09:15:00.290,20260410,91500290,000009.SZ,83052,2,0,9.0,500
2026-04-10 09:15:00.290,20260410,91500290,000009.SZ,83749,1,0,8.51,200
2026-04-10 09:15:00.300,20260410,91500300,000009.SZ,85101,2,0,8.87,3500
2026-04-10 09:15:00.310,20260410,91500310,000009.SZ,86243,2,0,9.52,900
2026-04-10 09:15:00.310,20260410,91500310,000009.SZ,86900,2,0,9.25,200
2026-04-10 09:15:00.320,20260410,91500320,000009.SZ,88246,1,0,8.58,400
2026-04-10 09:15:00.330,20260410,91500330,000009.SZ,88489,2,0,9.5,200
2026-04-10 09:15:00.330,20260410,91500330,000009.SZ,89159,2,0,9.49,400
2026-04-10 09:15:00.330,20260410,91500330,000009.SZ,89160,2,0,8.94,400
2026-04-10 09:15:00.330,20260410,91500330,000009.SZ,89161,2,0,9.04,400
2026-04-10 09:15:00.350,20260410,91500350,000009.SZ,91508,2,0,8.86,100000
2026-04-10 09:15:00.370,20260410,91500370,000009.SZ,93789,1,0,8.33,100
2026-04-10 09:15:00.370,20260410,91500370,000009.SZ,93790,2,0,9.5,100
2026-04-10 09:15:00.370,20260410,91500370,000009.SZ,94129,2,0,9.53,200
2026-04-10 09:15:00.380,20260410,91500380,000009.SZ,94226,2,0,9.54,300
2026-04-10 09:15:00.380,20260410,91500380,000009.SZ,94290,2,0,8.72,5000
2026-04-10 09:15:00.390,20260410,91500390,000009.SZ,95462,2,0,9.0,2300
2026-04-10 09:15:00.390,20260410,91500390,000009.SZ,96339,2,0,8.77,800
2026-04-10 09:15:00.400,20260410,91500400,000009.SZ,97333,1,0,8.51,1000
2026-04-10 09:15:00.420,20260410,91500420,000009.SZ,99666,2,0,9.2,600
2026-04-10 09:15:00.420,20260410,91500420,000009.SZ,99703,2,0,8.8,500
2026-04-10 09:15:00.430,20260410,91500430,000009.SZ,100526,2,0,8.87,3000
2026-04-10 09:15:00.440,20260410,91500440,000009.SZ,101501,2,0,9.13,4500
2026-04-10 09:15:00.440,20260410,91500440,000009.SZ,101512,2,0,9.38,2000
2026-04-10 09:15:00.440,20260410,91500440,000009.SZ,102055,2,0,9.51,300
2026-04-10 09:15:00.450,20260410,91500450,000009.SZ,103001,2,0,9.54,700
2026-04-10 09:15:00.450,20260410,91500450,000009.SZ,103046,2,0,9.52,300
2026-04-10 09:15:00.450,20260410,91500450,000009.SZ,103690,1,0,8.51,2000
2026-04-10 09:15:00.450,20260410,91500450,000009.SZ,104012,1,0,8.6,2000
2026-04-10 09:15:00.460,20260410,91500460,000009.SZ,105007,2,0,9.18,1500
2026-04-10 09:15:00.470,20260410,91500470,000009.SZ,105821,1,0,8.67,200
2026-04-10 09:15:00.470,20260410,91500470,000009.SZ,106469,2,0,9.54,500
2026-04-10 09:15:00.480,20260410,91500480,000009.SZ,106694,1,0,8.4,400
2026-04-10 09:15:00.480,20260410,91500480,000009.SZ,106697,2,0,8.84,200
2026-04-10 09:15:00.490,20260410,91500490,000009.SZ,108472,1,0,8.1,500
2026-04-10 09:15:00.510,20260410,91500510,000009.SZ,110191,2,0,8.79,1100
2026-04-10 09:15:00.510,20260410,91500510,000009.SZ,110192,2,0,8.79,1100
2026-04-10 09:15:00.510,20260410,91500510,000009.SZ,110532,2,0,8.92,100
2026-04-10 09:15:00.510,20260410,91500510,000009.SZ,110533,2,0,9.34,100
2026-04-10 09:15:00.520,20260410,91500520,000009.SZ,110820,2,0,9.39,100
2026-04-10 09:15:00.520,20260410,91500520,000009.SZ,111754,2,0,8.88,70400
2026-04-10 09:15:00.530,20260410,91500530,000009.SZ,112712,1,0,8.47,400
2026-04-10 09:15:00.530,20260410,91500530,000009.SZ,112817,2,0,8.88,4300
2026-04-10 09:15:00.550,20260410,91500550,000009.SZ,114591,1,0,8.5,1000
2026-04-10 09:15:00.550,20260410,91500550,000009.SZ,114593,2,0,8.9,1000
2026-04-10 09:15:00.550,20260410,91500550,000009.SZ,114685,1,0,8.63,200
2026-04-10 09:15:00.550,20260410,91500550,000009.SZ,114768,2,0,9.53,600
2026-04-10 09:15:00.560,20260410,91500560,000009.SZ,116061,1,0,8.5,100
2026-04-10 09:15:00.570,20260410,91500570,000009.SZ,116177,2,0,9.33,2900
2026-04-10 09:15:00.570,20260410,91500570,000009.SZ,116490,2,0,9.33,200
2026-04-10 09:15:00.570,20260410,91500570,000009.SZ,116491,2,0,9.53,200
2026-04-10 09:15:00.570,20260410,91500570,000009.SZ,116523,1,0,8.09,800
2026-04-10 09:15:00.570,20260410,91500570,000009.SZ,116524,1,0,7.89,800
2026-04-10 09:15:00.590,20260410,91500590,000009.SZ,117714,1,0,8.45,1200
2026-04-10 09:15:00.590,20260410,91500590,000009.SZ,118115,1,0,8.0,100
2026-04-10 09:15:00.600,20260410,91500600,000009.SZ,118817,1,0,8.5,10100
2026-04-10 09:15:00.600,20260410,91500600,000009.SZ,118996,2,0,8.99,1000
2026-04-10 09:15:00.620,20260410,91500620,000009.SZ,120642,1,0,7.95,100
2026-04-10 09:15:00.630,20260410,91500630,000009.SZ,121750,2,0,9.34,7000
2026-04-10 09:15:00.640,20260410,91500640,000009.SZ,122158,1,0,8.45,100
2026-04-10 09:15:00.640,20260410,91500640,000009.SZ,122281,2,0,9.54,200
2026-04-10 09:15:00.640,20260410,91500640,000009.SZ,122708,2,0,9.53,600
2026-04-10 09:15:00.670,20260410,91500670,000009.SZ,125195,1,0,8.61,500
2026-04-10 09:15:00.670,20260410,91500670,000009.SZ,125196,1,0,8.59,500
2026-04-10 09:15:00.670,20260410,91500670,000009.SZ,126091,2,0,8.94,8000
2026-04-10 09:15:00.670,20260410,91500670,000009.SZ,126324,2,0,9.02,1200
2026-04-10 09:15:00.680,20260410,91500680,000009.SZ,126719,2,0,9.22,20000
2026-04-10 09:15:00.680,20260410,91500680,000009.SZ,126724,2,0,9.11,3000
2026-04-10 09:15:00.680,20260410,91500680,000009.SZ,126972,1,0,8.62,1000
2026-04-10 09:15:00.690,20260410,91500690,000009.SZ,127481,1,0,8.53,500
2026-04-10 09:15:00.710,20260410,91500710,000009.SZ,129227,2,0,9.19,300
2026-04-10 09:15:00.720,20260410,91500720,000009.SZ,129755,2,0,9.54,1000
2026-04-10 09:15:00.730,20260410,91500730,000009.SZ,130909,1,0,8.45,98400
2026-04-10 09:15:00.730,20260410,91500730,000009.SZ,131025,2,0,9.54,2000
2026-04-10 09:15:00.740,20260410,91500740,000009.SZ,131423,2,0,9.52,1000
2026-04-10 09:15:00.770,20260410,91500770,000009.SZ,134305,1,0,8.51,600
2026-04-10 09:15:00.780,20260410,91500780,000009.SZ,135042,2,0,8.88,1000
2026-04-10 09:15:00.780,20260410,91500780,000009.SZ,135044,2,0,8.98,3000
2026-04-10 09:15:00.790,20260410,91500790,000009.SZ,135939,1,0,8.46,2600
2026-04-10 09:15:00.790,20260410,91500790,000009.SZ,136387,2,0,9.52,400
2026-04-10 09:15:00.800,20260410,91500800,000009.SZ,136625,2,0,8.89,1400
2026-04-10 09:15:00.800,20260410,91500800,000009.SZ,136626,2,0,9.06,1300
2026-04-10 09:15:00.800,20260410,91500800,000009.SZ,136758,2,0,9.44,8800
2026-04-10 09:15:00.810,20260410,91500810,000009.SZ,138141,2,0,8.95,400
2026-04-10 09:15:00.820,20260410,91500820,000009.SZ,138414,2,0,8.9,500
2026-04-10 09:15:00.850,20260410,91500850,000009.SZ,140313,2,0,9.15,3500
2026-04-10 09:15:00.870,20260410,91500870,000009.SZ,141263,1,0,8.56,400
2026-04-10 09:15:00.870,20260410,91500870,000009.SZ,141323,2,0,9.5,600
2026-04-10 09:15:00.880,20260410,91500880,000009.SZ,141619,2,0,9.54,38000
2026-04-10 09:15:00.880,20260410,91500880,000009.SZ,141622,1,0,8.2,1600
2026-04-10 09:15:00.890,20260410,91500890,000009.SZ,142172,1,0,8.25,100
2026-04-10 09:15:00.890,20260410,91500890,000009.SZ,142173,1,0,8.4,100
2026-04-10 09:15:00.890,20260410,91500890,000009.SZ,142176,1,0,8.15,100
2026-04-10 09:15:00.890,20260410,91500890,000009.SZ,142221,2,0,9.25,100
2026-04-10 09:15:00.890,20260410,91500890,000009.SZ,142260,1,0,8.15,100
2026-04-10 09:15:00.890,20260410,91500890,000009.SZ,142261,1,0,8.25,100
2026-04-10 09:15:00.890,20260410,91500890,000009.SZ,142480,1,0,8.65,200
2026-04-10 09:15:00.890,20260410,91500890,000009.SZ,142481,1,0,8.63,300
2026-04-10 09:15:00.890,20260410,91500890,000009.SZ,142483,1,0,8.57,500
2026-04-10 09:15:00.890,20260410,91500890,000009.SZ,142597,2,0,9.0,300
2026-04-10 09:15:00.900,20260410,91500900,000009.SZ,142947,2,0,9.18,1100
2026-04-10 09:15:00.920,20260410,91500920,000009.SZ,144465,1,0,8.42,7000
2026-04-10 09:15:00.940,20260410,91500940,000009.SZ,145601,2,0,9.09,500
2026-04-10 09:15:00.940,20260410,91500940,000009.SZ,145789,2,0,8.83,2000
2026-04-10 09:15:00.950,20260410,91500950,000009.SZ,146273,2,0,8.75,800
2026-04-10 09:15:00.950,20260410,91500950,000009.SZ,146274,2,0,8.85,1000
2026-04-10 09:15:00.950,20260410,91500950,000009.SZ,146692,1,0,8.42,1000
2026-04-10 09:15:00.980,20260410,91500980,000009.SZ,148824,2,0,9.53,600
2026-04-10 09:15:01.000,20260410,91501000,000009.SZ,149698,1,0,8.43,2000
2026-04-10 09:15:01.000,20260410,91501000,000009.SZ,150429,1,0,8.5,500
2026-04-10 09:15:01.020,20260410,91501020,000009.SZ,151264,1,0,8.5,100
2026-04-10 09:15:01.020,20260410,91501020,000009.SZ,151421,1,0,8.43,100
2026-04-10 09:15:01.030,20260410,91501030,000009.SZ,151866,2,0,9.5,1000
2026-04-10 09:15:01.030,20260410,91501030,000009.SZ,152183,1,0,8.2,9000
2026-04-10 09:15:01.030,20260410,91501030,000009.SZ,152226,2,0,8.85,1000
2026-04-10 09:15:01.050,20260410,91501050,000009.SZ,153167,1,0,8.38,2000
2026-04-10 09:15:01.050,20260410,91501050,000009.SZ,153170,2,0,8.99,3000
2026-04-10 09:15:01.050,20260410,91501050,000009.SZ,153465,1,0,8.0,400
2026-04-10 09:15:01.060,20260410,91501060,000009.SZ,153978,1,0,8.4,400
2026-04-10 09:15:01.060,20260410,91501060,000009.SZ,153981,2,0,9.14,400
2026-04-10 09:15:01.070,20260410,91501070,000009.SZ,154173,2,0,9.54,700
2026-04-10 09:15:01.100,20260410,91501100,000009.SZ,156208,2,0,8.66,100
2026-04-10 09:15:01.110,20260410,91501110,000009.SZ,156587,2,0,9.51,700
2026-04-10 09:15:01.110,20260410,91501110,000009.SZ,156900,1,0,8.45,200
2026-04-10 09:15:01.130,20260410,91501130,000009.SZ,158018,2,0,9.35,300
2026-04-10 09:15:01.130,20260410,91501130,000009.SZ,158584,2,0,9.54,30000
2026-04-10 09:15:01.130,20260410,91501130,000009.SZ,158591,2,0,8.9,2000
2026-04-10 09:15:01.130,20260410,91501130,000009.SZ,158592,2,0,9.0,2000
2026-04-10 09:15:01.130,20260410,91501130,000009.SZ,158593,2,0,9.1,3000
2026-04-10 09:15:01.130,20260410,91501130,000009.SZ,158598,2,0,9.2,3000
2026-04-10 09:15:01.130,20260410,91501130,000009.SZ,158608,2,0,9.3,3000
2026-04-10 09:15:01.130,20260410,91501130,000009.SZ,158610,2,0,9.4,5000
2026-04-10 09:15:01.140,20260410,91501140,000009.SZ,158647,2,0,9.5,5000
2026-04-10 09:15:01.150,20260410,91501150,000009.SZ,159679,2,0,8.99,100
2026-04-10 09:15:01.160,20260410,91501160,000009.SZ,160020,1,0,8.67,1000
2026-04-10 09:15:01.170,20260410,91501170,000009.SZ,160328,1,0,8.43,800
2026-04-10 09:15:01.170,20260410,91501170,000009.SZ,160338,1,0,8.42,400
2026-04-10 09:15:01.180,20260410,91501180,000009.SZ,160831,2,0,9.54,12000
2026-04-10 09:15:01.180,20260410,91501180,000009.SZ,160833,2,0,9.54,196800
2026-04-10 09:15:01.180,20260410,91501180,000009.SZ,160851,2,0,8.97,200
2026-04-10 09:15:01.210,20260410,91501210,000009.SZ,162563,2,0,8.75,1200
2026-04-10 09:15:01.220,20260410,91501220,000009.SZ,162728,2,0,8.99,600
2026-04-10 09:15:01.240,20260410,91501240,000009.SZ,164058,2,0,9.13,1700
2026-04-10 09:15:01.250,20260410,91501250,000009.SZ,164379,1,0,8.3,100
2026-04-10 09:15:01.260,20260410,91501260,000009.SZ,164825,2,0,9.49,1000
2026-04-10 09:15:01.280,20260410,91501280,000009.SZ,166566,2,0,8.9,400
2026-04-10 09:15:01.290,20260410,91501290,000009.SZ,166950,2,0,9.33,4500
2026-04-10 09:15:01.290,20260410,91501290,000009.SZ,167228,2,0,8.89,1000
2026-04-10 09:15:01.290,20260410,91501290,000009.SZ,167230,2,0,9.19,1000
2026-04-10 09:15:01.290,20260410,91501290,000009.SZ,167233,2,0,9.34,1000
2026-04-10 09:15:01.300,20260410,91501300,000009.SZ,167689,2,0,9.54,1600
2026-04-10 09:15:01.320,20260410,91501320,000009.SZ,169334,2,0,8.9,800
2026-04-10 09:15:01.320,20260410,91501320,000009.SZ,169451,2,0,8.99,1800
2026-04-10 09:15:01.320,20260410,91501320,000009.SZ,169452,2,0,9.12,1700
2026-04-10 09:15:01.320,20260410,91501320,000009.SZ,169453,2,0,9.24,1700
2026-04-10 09:15:01.320,20260410,91501320,000009.SZ,169454,2,0,9.35,1700
2026-04-10 09:15:01.320,20260410,91501320,000009.SZ,169455,2,0,9.45,1700
2026-04-10 09:15:01.320,20260410,91501320,000009.SZ,169456,2,0,9.54,1700
2026-04-10 09:15:01.340,20260410,91501340,000009.SZ,170094,2,0,9.37,600
2026-04-10 09:15:01.350,20260410,91501350,000009.SZ,170737,2,0,8.99,5300
2026-04-10 09:15:01.380,20260410,91501380,000009.SZ,171622,2,0,9.05,2000
2026-04-10 09:15:01.430,20260410,91501430,000009.SZ,174175,2,0,9.15,500
2026-04-10 09:15:01.450,20260410,91501450,000009.SZ,175556,2,0,8.85,400
2026-04-10 09:15:01.460,20260410,91501460,000009.SZ,176055,2,0,9.54,300
2026-04-10 09:15:01.470,20260410,91501470,000009.SZ,176726,2,0,9.49,500
2026-04-10 09:15:01.480,20260410,91501480,000009.SZ,177224,1,0,8.14,100
2026-04-10 09:15:01.480,20260410,91501480,000009.SZ,177423,1,0,8.41,10000
2026-04-10 09:15:01.480,20260410,91501480,000009.SZ,177424,1,0,8.31,10000
2026-04-10 09:15:01.500,20260410,91501500,000009.SZ,178708,2,0,8.99,300
2026-04-10 09:15:01.530,20260410,91501530,000009.SZ,179918,2,0,9.1,5600
2026-04-10 09:15:01.610,20260410,91501610,000009.SZ,183525,2,0,9.12,500
2026-04-10 09:15:01.630,20260410,91501630,000009.SZ,184191,2,0,8.99,100
2026-04-10 09:15:01.630,20260410,91501630,000009.SZ,184206,2,0,9.08,100
2026-04-10 09:15:01.630,20260410,91501630,000009.SZ,184209,2,0,9.19,100
2026-04-10 09:15:01.630,20260410,91501630,000009.SZ,184213,2,0,9.33,200
2026-04-10 09:15:01.630,20260410,91501630,000009.SZ,184220,2,0,9.49,200
2026-04-10 09:15:01.630,20260410,91501630,000009.SZ,184266,2,0,9.04,1000
2026-04-10 09:15:01.650,20260410,91501650,000009.SZ,184984,2,0,9.19,106
2026-04-10 09:15:01.650,20260410,91501650,000009.SZ,184985,1,0,8.01,100
2026-04-10 09:15:01.650,20260410,91501650,000009.SZ,185363,1,0,8.68,10200
2026-04-10 09:15:01.660,20260410,91501660,000009.SZ,185523,2,0,8.83,400
2026-04-10 09:15:01.660,20260410,91501660,000009.SZ,185535,1,0,8.59,8000
2026-04-10 09:15:01.700,20260410,91501700,000009.SZ,188024,2,0,9.31,20000
2026-04-10 09:15:01.750,20260410,91501750,000009.SZ,189869,1,0,8.41,100
2026-04-10 09:15:01.770,20260410,91501770,000009.SZ,190506,2,0,9.5,5000
2026-04-10 09:15:01.800,20260410,91501800,000009.SZ,192222,1,0,8.52,800
2026-04-10 09:15:01.810,20260410,91501810,000009.SZ,192606,2,0,9.54,5000
2026-04-10 09:15:01.860,20260410,91501860,000009.SZ,194530,1,0,8.3,400
2026-04-10 09:15:01.870,20260410,91501870,000009.SZ,194689,1,0,8.0,500
2026-04-10 09:15:01.900,20260410,91501900,000009.SZ,195495,2,0,8.97,300
2026-04-10 09:15:01.910,20260410,91501910,000009.SZ,195872,2,0,9.54,200
2026-04-10 09:15:01.940,20260410,91501940,000009.SZ,197000,2,0,9.15,500
2026-04-10 09:15:01.950,20260410,91501950,000009.SZ,197158,2,0,9.09,400
2026-04-10 09:15:01.970,20260410,91501970,000009.SZ,197778,1,0,8.35,200
2026-04-10 09:15:01.970,20260410,91501970,000009.SZ,197955,2,0,9.54,3000
2026-04-10 09:15:01.970,20260410,91501970,000009.SZ,197960,2,0,9.2,2000
2026-04-10 09:15:01.970,20260410,91501970,000009.SZ,198020,1,0,7.9,100
2026-04-10 09:15:01.970,20260410,91501970,000009.SZ,198180,2,0,9.1,4800
2026-04-10 09:15:02.020,20260410,91502020,000009.SZ,200646,1,0,7.8,4000
2026-04-10 09:15:02.030,20260410,91502030,000009.SZ,201091,2,0,9.31,9000
2026-04-10 09:15:02.030,20260410,91502030,000009.SZ,201094,2,0,9.31,9000
2026-04-10 09:15:02.030,20260410,91502030,000009.SZ,201096,2,0,9.31,10700
2026-04-10 09:15:02.040,20260410,91502040,000009.SZ,201477,2,0,9.18,100
2026-04-10 09:15:02.040,20260410,91502040,000009.SZ,201478,2,0,9.51,100
2026-04-10 09:15:02.050,20260410,91502050,000009.SZ,202278,1,0,8.5,300
2026-04-10 09:15:02.100,20260410,91502100,000009.SZ,204335,2,0,8.96,500
2026-04-10 09:15:02.100,20260410,91502100,000009.SZ,204337,2,0,9.18,600
2026-04-10 09:15:02.110,20260410,91502110,000009.SZ,204902,2,0,8.89,2500
2026-04-10 09:15:02.160,20260410,91502160,000009.SZ,206585,2,0,8.79,1000
2026-04-10 09:15:02.160,20260410,91502160,000009.SZ,206587,2,0,8.89,1000
2026-04-10 09:15:02.180,20260410,91502180,000009.SZ,206974,2,0,9.15,100
2026-04-10 09:15:02.180,20260410,91502180,000009.SZ,206975,2,0,9.23,100
2026-04-10 09:15:02.180,20260410,91502180,000009.SZ,206976,2,0,9.24,100
2026-04-10 09:15:02.220,20260410,91502220,000009.SZ,208396,1,0,8.61,10000
2026-04-10 09:15:02.240,20260410,91502240,000009.SZ,209096,1,0,8.4,700
2026-04-10 09:15:02.260,20260410,91502260,000009.SZ,209761,2,0,9.05,200
2026-04-10 09:15:02.280,20260410,91502280,000009.SZ,210447,2,0,9.5,1200
2026-04-10 09:15:02.290,20260410,91502290,000009.SZ,211285,2,0,8.88,200
2026-04-10 09:15:02.300,20260410,91502300,000009.SZ,211451,1,0,8.38,1000
2026-04-10 09:15:02.310,20260410,91502310,000009.SZ,212031,2,0,8.98,2000
2026-04-10 09:15:02.310,20260410,91502310,000009.SZ,212040,1,0,8.55,500
2026-04-10 09:15:02.320,20260410,91502320,000009.SZ,212401,1,0,8.5,1000
2026-04-10 09:15:02.340,20260410,91502340,000009.SZ,212735,1,0,8.51,10000
2026-04-10 09:15:02.370,20260410,91502370,000009.SZ,213457,2,0,9.54,100000
2026-04-10 09:15:02.370,20260410,91502370,000009.SZ,213462,2,0,8.99,50000
2026-04-10 09:15:02.370,20260410,91502370,000009.SZ,213492,2,0,9.54,7300
2026-04-10 09:15:02.370,20260410,91502370,000009.SZ,213529,1,0,8.4,20000
2026-04-10 09:15:02.370,20260410,91502370,000009.SZ,213535,1,0,8.3,50000
2026-04-10 09:15:02.380,20260410,91502380,000009.SZ,213981,2,0,9.53,4400
2026-04-10 09:15:02.430,20260410,91502430,000009.SZ,215574,2,0,9.16,3700
2026-04-10 09:15:02.450,20260410,91502450,000009.SZ,216452,2,0,9.0,400
2026-04-10 09:15:02.490,20260410,91502490,000009.SZ,217735,2,0,9.03,1200
2026-04-10 09:15:02.540,20260410,91502540,000009.SZ,219288,2,0,8.9,800
2026-04-10 09:15:02.560,20260410,91502560,000009.SZ,219888,2,0,9.54,300
2026-04-10 09:15:02.560,20260410,91502560,000009.SZ,219973,2,0,9.54,3000
2026-04-10 09:15:02.610,20260410,91502610,000009.SZ,221144,1,0,8.0,2500
2026-04-10 09:15:02.810,20260410,91502810,000009.SZ,226245,1,0,7.88,3000
2026-04-10 09:15:02.810,20260410,91502810,000009.SZ,226290,1,0,8.5,100
2026-04-10 09:15:02.820,20260410,91502820,000009.SZ,226428,2,0,9.54,100
2026-04-10 09:15:02.830,20260410,91502830,000009.SZ,226810,1,0,8.5,100
2026-04-10 09:15:02.830,20260410,91502830,000009.SZ,226811,2,0,9.0,100
2026-04-10 09:15:02.830,20260410,91502830,000009.SZ,226812,2,0,9.25,100
2026-04-10 09:15:02.860,20260410,91502860,000009.SZ,227249,1,0,8.4,500
2026-04-10 09:15:02.860,20260410,91502860,000009.SZ,227250,2,0,9.1,300
2026-04-10 09:15:02.860,20260410,91502860,000009.SZ,227252,2,0,9.54,600
2026-04-10 09:15:02.860,20260410,91502860,000009.SZ,227257,2,0,9.54,2000
2026-04-10 09:15:02.870,20260410,91502870,000009.SZ,227439,1,0,8.41,500
2026-04-10 09:15:02.910,20260410,91502910,000009.SZ,227916,2,0,8.85,1700
2026-04-10 09:15:02.950,20260410,91502950,000009.SZ,228429,1,0,8.6,500
2026-04-10 09:15:02.950,20260410,91502950,000009.SZ,228430,1,0,8.5,500
2026-04-10 09:15:02.950,20260410,91502950,000009.SZ,228443,2,0,8.9,600
2026-04-10 09:15:02.950,20260410,91502950,000009.SZ,228445,2,0,9.0,600
2026-04-10 09:15:03.000,20260410,91503000,000009.SZ,230005,2,0,8.88,1500
2026-04-10 09:15:03.010,20260410,91503010,000009.SZ,230042,1,0,8.5,100
2026-04-10 09:15:03.020,20260410,91503020,000009.SZ,230254,1,0,8.44,1200
2026-04-10 09:15:03.050,20260410,91503050,000009.SZ,230898,2,0,9.0,500
2026-04-10 09:15:03.050,20260410,91503050,000009.SZ,230966,2,0,9.54,2700
2026-04-10 09:15:03.080,20260410,91503080,000009.SZ,231861,1,0,8.43,24100
2026-04-10 09:15:03.090,20260410,91503090,000009.SZ,232112,1,0,8.0,100
2026-04-10 09:15:03.090,20260410,91503090,000009.SZ,232411,2,0,9.54,100000
2026-04-10 09:15:03.090,20260410,91503090,000009.SZ,232416,2,0,9.0,50000
2026-04-10 09:15:03.100,20260410,91503100,000009.SZ,232422,2,0,8.9,50000
2026-04-10 09:15:03.100,20260410,91503100,000009.SZ,232431,1,0,8.5,20000
2026-04-10 09:15:03.100,20260410,91503100,000009.SZ,232459,2,0,9.28,2200
2026-04-10 09:15:03.160,20260410,91503160,000009.SZ,233127,1,0,7.97,200
2026-04-10 09:15:03.270,20260410,91503270,000009.SZ,234428,1,0,8.2,1000
2026-04-10 09:15:03.270,20260410,91503270,000009.SZ,234583,1,0,8.4,500
2026-04-10 09:15:03.270,20260410,91503270,000009.SZ,234585,1,0,8.5,500
2026-04-10 09:15:03.270,20260410,91503270,000009.SZ,234589,1,0,8.45,500
2026-04-10 09:15:03.270,20260410,91503270,000009.SZ,234591,2,0,9.39,500
2026-04-10 09:15:03.270,20260410,91503270,000009.SZ,234593,2,0,8.85,500
2026-04-10 09:15:03.310,20260410,91503310,000009.SZ,235593,2,0,8.78,1700
2026-04-10 09:15:03.330,20260410,91503330,000009.SZ,236051,1,0,8.66,100
2026-04-10 09:15:03.440,20260410,91503440,000009.SZ,237464,1,0,8.35,100
2026-04-10 09:15:03.440,20260410,91503440,000009.SZ,237465,2,0,9.25,100
2026-04-10 09:15:03.470,20260410,91503470,000009.SZ,238053,1,0,8.67,1000
2026-04-10 09:15:03.480,20260410,91503480,000009.SZ,238175,2,0,9.54,10000
2026-04-10 09:15:03.550,20260410,91503550,000009.SZ,239360,1,0,8.68,100
2026-04-10 09:15:03.560,20260410,91503560,000009.SZ,239402,1,0,8.42,500
2026-04-10 09:15:03.600,20260410,91503600,000009.SZ,239825,2,0,9.39,25300
2026-04-10 09:15:03.620,20260410,91503620,000009.SZ,239957,2,0,9.54,2000
2026-04-10 09:15:03.670,20260410,91503670,000009.SZ,240817,2,0,9.53,300
2026-04-10 09:15:03.670,20260410,91503670,000009.SZ,240915,2,0,9.54,100
2026-04-10 09:15:03.680,20260410,91503680,000009.SZ,241190,2,0,9.54,1900
2026-04-10 09:15:03.680,20260410,91503680,000009.SZ,241237,2,0,9.5,500
2026-04-10 09:15:03.770,20260410,91503770,000009.SZ,242232,2,0,8.85,2000
2026-04-10 09:15:03.770,20260410,91503770,000009.SZ,242233,2,0,8.95,2000
2026-04-10 09:15:03.770,20260410,91503770,000009.SZ,242234,2,0,9.12,5200
2026-04-10 09:15:03.790,20260410,91503790,000009.SZ,242391,2,0,9.54,15000
2026-04-10 09:15:03.790,20260410,91503790,000009.SZ,242418,2,0,9.0,3000
2026-04-10 09:15:03.790,20260410,91503790,000009.SZ,242419,2,0,8.8,2000
2026-04-10 09:15:03.810,20260410,91503810,000009.SZ,242631,2,0,9.49,1300
2026-04-10 09:15:03.850,20260410,91503850,000009.SZ,243357,2,0,9.5,1000
2026-04-10 09:15:03.920,20260410,91503920,000009.SZ,244063,2,0,8.71,2500
2026-04-10 09:15:04.020,20260410,91504020,000009.SZ,245636,1,0,7.96,200
2026-04-10 09:15:04.030,20260410,91504030,000009.SZ,245751,2,0,8.99,600
2026-04-10 09:15:04.080,20260410,91504080,000009.SZ,246722,2,0,9.54,100
2026-04-10 09:15:04.100,20260410,91504100,000009.SZ,246910,1,0,8.57,5000
2026-04-10 09:15:04.280,20260410,91504280,000009.SZ,248338,2,0,9.5,100
2026-04-10 09:15:04.300,20260410,91504300,000009.SZ,248767,1,0,7.8,100
2026-04-10 09:15:04.300,20260410,91504300,000009.SZ,248883,2,0,9.35,500
2026-04-10 09:15:04.360,20260410,91504360,000009.SZ,249802,1,0,8.67,400
2026-04-10 09:15:04.390,20260410,91504390,000009.SZ,250218,2,0,8.98,400
2026-04-10 09:15:04.390,20260410,91504390,000009.SZ,250287,1,0,8.58,400
2026-04-10 09:15:04.400,20260410,91504400,000009.SZ,250352,2,0,8.99,200
2026-04-10 09:15:04.400,20260410,91504400,000009.SZ,250384,1,0,8.46,600
2026-04-10 09:15:04.440,20260410,91504440,000009.SZ,250699,1,0,8.38,1500
2026-04-10 09:15:04.440,20260410,91504440,000009.SZ,250707,1,0,7.87,1500
2026-04-10 09:15:04.650,20260410,91504650,000009.SZ,252033,2,0,8.75,5100
2026-04-10 09:15:04.770,20260410,91504770,000009.SZ,253221,1,0,8.31,1200
2026-04-10 09:15:04.870,20260410,91504870,000009.SZ,253862,2,0,9.44,2900
2026-04-10 09:15:04.980,20260410,91504980,000009.SZ,254199,2,0,9.19,100
2026-04-10 09:15:05.330,20260410,91505330,000009.SZ,256541,2,0,8.77,1000
2026-04-10 09:15:05.350,20260410,91505350,000009.SZ,256640,1,0,8.55,2000
2026-04-10 09:15:05.350,20260410,91505350,000009.SZ,256641,2,0,8.95,2000
2026-04-10 09:15:05.780,20260410,91505780,000009.SZ,258765,1,0,7.8,10800
2026-04-10 09:15:06.220,20260410,91506220,000009.SZ,260383,1,0,8.43,2400
2026-04-10 09:15:06.310,20260410,91506310,000009.SZ,260947,1,0,8.39,500
2026-04-10 09:15:06.310,20260410,91506310,000009.SZ,260948,1,0,8.42,500
2026-04-10 09:15:06.310,20260410,91506310,000009.SZ,260950,1,0,8.46,300
2026-04-10 09:15:06.310,20260410,91506310,000009.SZ,260952,1,0,8.49,300
2026-04-10 09:15:06.310,20260410,91506310,000009.SZ,260955,1,0,8.36,500
2026-04-10 09:15:06.320,20260410,91506320,000009.SZ,260960,1,0,8.28,500
2026-04-10 09:15:06.330,20260410,91506330,000009.SZ,261032,2,0,9.1,200
2026-04-10 09:15:06.340,20260410,91506340,000009.SZ,261067,1,0,8.45,3000
2026-04-10 09:15:06.700,20260410,91506700,000009.SZ,262041,2,0,9.54,2000
2026-04-10 09:15:06.710,20260410,91506710,000009.SZ,262046,2,0,8.98,2000
2026-04-10 09:15:06.780,20260410,91506780,000009.SZ,262247,2,0,9.54,1000
2026-04-10 09:15:07.310,20260410,91507310,000009.SZ,263306,1,0,8.4,1000
2026-04-10 09:15:07.330,20260410,91507330,000009.SZ,263384,1,0,8.4,600
2026-04-10 09:15:07.390,20260410,91507390,000009.SZ,263710,2,0,8.98,500
2026-04-10 09:15:07.840,20260410,91507840,000009.SZ,264380,1,0,8.53,500
2026-04-10 09:15:07.940,20260410,91507940,000009.SZ,264539,2,0,9.53,1100
2026-04-10 09:15:12.290,20260410,91512290,000009.SZ,267490,1,0,8.62,200
2026-04-10 09:15:12.470,20260410,91512470,000009.SZ,267611,2,0,8.76,200
2026-04-10 09:15:14.290,20260410,91514290,000009.SZ,267956,1,0,8.5,1000
2026-04-10 09:15:17.220,20260410,91517220,000009.SZ,268571,1,0,8.51,1200
2026-04-10 09:15:18.370,20260410,91518370,000009.SZ,268929,2,0,9.05,2000
2026-04-10 09:15:23.400,20260410,91523400,000009.SZ,270056,1,0,8.61,2000
2026-04-10 09:15:26.420,20260410,91526420,000009.SZ,270804,2,0,9.03,100
2026-04-10 09:15:34.300,20260410,91534300,000009.SZ,272530,2,0,8.9,100
2026-04-10 09:15:34.300,20260410,91534300,000009.SZ,272531,1,0,8.1,100
2026-04-10 09:15:34.560,20260410,91534560,000009.SZ,272591,1,0,8.5,21600
2026-04-10 09:15:41.380,20260410,91541380,000009.SZ,274122,1,0,8.4,21900
2026-04-10 09:15:43.110,20260410,91543110,000009.SZ,274519,2,0,8.82,200
2026-04-10 09:15:44.610,20260410,91544610,000009.SZ,274908,2,0,8.76,400
2026-04-10 09:15:44.630,20260410,91544630,000009.SZ,274917,1,0,8.56,400
2026-04-10 09:15:46.180,20260410,91546180,000009.SZ,275408,2,0,9.03,1000
2026-04-10 09:15:49.130,20260410,91549130,000009.SZ,276155,2,0,8.8,3200
2026-04-10 09:15:49.280,20260410,91549280,000009.SZ,276212,2,0,8.71,100
2026-04-10 09:15:51.570,20260410,91551570,000009.SZ,276795,2,0,9.54,3000
2026-04-10 09:15:52.230,20260410,91552230,000009.SZ,276941,2,0,9.31,100
2026-04-10 09:15:52.230,20260410,91552230,000009.SZ,276942,1,0,8.04,100
2026-04-10 09:15:58.880,20260410,91558880,000009.SZ,278865,2,0,9.01,10000
2026-04-10 09:16:03.180,20260410,91603180,000009.SZ,280247,2,0,8.68,100
2026-04-10 09:16:05.370,20260410,91605370,000009.SZ,281110,1,0,8.5,35700
2026-04-10 09:16:07.220,20260410,91607220,000009.SZ,281773,1,0,8.51,500
2026-04-10 09:16:08.490,20260410,91608490,000009.SZ,282151,2,0,8.72,100
2026-04-10 09:16:08.820,20260410,91608820,000009.SZ,282252,1,0,8.08,200
2026-04-10 09:16:14.520,20260410,91614520,000009.SZ,284003,2,0,8.76,100
2026-04-10 09:16:16.610,20260410,91616610,000009.SZ,284649,2,0,8.74,1100
2026-04-10 09:16:18.760,20260410,91618760,000009.SZ,285369,1,0,8.36,800
2026-04-10 09:16:20.600,20260410,91620600,000009.SZ,285835,2,0,8.8,100
2026-04-10 09:16:21.190,20260410,91621190,000009.SZ,285988,2,0,8.78,5100
2026-04-10 09:16:22.570,20260410,91622570,000009.SZ,286357,2,0,9.53,300
2026-04-10 09:16:25.090,20260410,91625090,000009.SZ,286962,1,0,8.5,10000
2026-04-10 09:16:26.660,20260410,91626660,000009.SZ,287365,2,0,8.84,100
2026-04-10 09:16:27.310,20260410,91627310,000009.SZ,287545,2,0,8.0,1200
2026-04-10 09:16:32.710,20260410,91632710,000009.SZ,289114,1,0,8.6,100
2026-04-10 09:16:38.790,20260410,91638790,000009.SZ,290782,1,0,8.56,100
2026-04-10 09:16:39.990,20260410,91639990,000009.SZ,291141,1,0,8.62,500
2026-04-10 09:16:41.880,20260410,91641880,000009.SZ,291648,2,0,9.54,2200
2026-04-10 09:16:42.820,20260410,91642820,000009.SZ,291925,2,0,8.75,2500
2026-04-10 09:16:44.880,20260410,91644880,000009.SZ,292505,1,0,8.52,100
2026-04-10 09:16:45.640,20260410,91645640,000009.SZ,292760,2,0,9.35,1300
2026-04-10 09:16:45.890,20260410,91645890,000009.SZ,292844,2,0,8.81,4000
2026-04-10 09:16:47.380,20260410,91647380,000009.SZ,293225,1,0,8.4,2000
2026-04-10 09:16:48.900,20260410,91648900,000009.SZ,293694,2,0,8.98,1000
2026-04-10 09:16:49.910,20260410,91649910,000009.SZ,294109,2,0,9.4,700
2026-04-10 09:16:52.490,20260410,91652490,000009.SZ,294807,2,0,9.3,8800
2026-04-10 09:16:55.350,20260410,91655350,000009.SZ,295581,2,0,8.68,200
2026-04-10 09:17:01.970,20260410,91701970,000009.SZ,297597,2,0,8.69,1200
2026-04-10 09:17:04.060,20260410,91704060,000009.SZ,298223,2,0,9.54,2000
2026-04-10 09:17:15.490,20260410,91715490,000009.SZ,301803,2,0,8.75,5900
2026-04-10 09:17:15.520,20260410,91715520,000009.SZ,301814,1,0,8.02,1500
2026-04-10 09:17:16.350,20260410,91716350,000009.SZ,302063,1,0,8.0,800
2026-04-10 09:17:18.730,20260410,91718730,000009.SZ,302793,2,0,9.54,10000
2026-04-10 09:17:20.740,20260410,91720740,000009.SZ,303393,1,0,8.4,24100
2026-04-10 09:17:25.760,20260410,91725760,000009.SZ,304872,2,0,8.79,8200
2026-04-10 09:17:29.090,20260410,91729090,000009.SZ,305915,2,0,9.54,2000
2026-04-10 09:17:30.540,20260410,91730540,000009.SZ,306359,2,0,8.95,4000
2026-04-10 09:17:36.620,20260410,91736620,000009.SZ,308252,2,0,8.74,1000
2026-04-10 09:17:45.990,20260410,91745990,000009.SZ,311223,2,0,8.86,1000
2026-04-10 09:17:46.980,20260410,91746980,000009.SZ,311566,2,0,8.88,2800
2026-04-10 09:17:55.980,20260410,91755980,000009.SZ,314507,2,0,8.75,200
2026-04-10 09:17:57.280,20260410,91757280,000009.SZ,314926,2,0,9.1,400
2026-04-10 09:18:04.930,20260410,91804930,000009.SZ,317582,2,0,9.16,700
2026-04-10 09:18:06.830,20260410,91806830,000009.SZ,318278,2,0,8.98,1000
2026-04-10 09:18:10.990,20260410,91810990,000009.SZ,319707,2,0,8.85,2000
2026-04-10 09:18:13.260,20260410,91813260,000009.SZ,320480,2,0,8.85,500
2026-04-10 09:18:16.630,20260410,91816630,000009.SZ,321722,1,0,8.0,1000
2026-04-10 09:18:19.640,20260410,91819640,000009.SZ,322802,2,0,8.84,5000
2026-04-10 09:18:20.390,20260410,91820390,000009.SZ,323076,1,0,8.43,1000
2026-04-10 09:18:21.750,20260410,91821750,000009.SZ,323560,1,0,8.68,100
2026-04-10 09:18:30.590,20260410,91830590,000009.SZ,326658,2,0,8.88,1000
2026-04-10 09:18:41.500,20260410,91841500,000009.SZ,330551,2,0,9.52,2000
2026-04-10 09:18:42.910,20260410,91842910,000009.SZ,331047,1,0,8.0,500
2026-04-10 09:18:44.140,20260410,91844140,000009.SZ,331469,1,0,8.68,30000
2026-04-10 09:18:44.680,20260410,91844680,000009.SZ,331648,2,0,9.53,2300
2026-04-10 09:18:45.280,20260410,91845280,000009.SZ,331846,1,0,8.62,5100
2026-04-10 09:18:48.620,20260410,91848620,000009.SZ,333016,1,0,8.45,35700
2026-04-10 09:18:51.600,20260410,91851600,000009.SZ,334087,2,0,8.94,200
2026-04-10 09:18:52.160,20260410,91852160,000009.SZ,334273,2,0,9.53,5000
2026-04-10 09:18:53.460,20260410,91853460,000009.SZ,334728,1,0,8.63,1000
2026-04-10 09:18:54.450,20260410,91854450,000009.SZ,335079,2,0,9.09,500
2026-04-10 09:18:56.270,20260410,91856270,000009.SZ,335746,2,0,8.84,1200
2026-04-10 09:18:57.550,20260410,91857550,000009.SZ,336172,2,0,8.84,500
2026-04-10 09:19:07.310,20260410,91907310,000009.SZ,339661,1,0,8.45,21600
2026-04-10 09:19:07.450,20260410,91907450,000009.SZ,339713,1,0,9.54,200
2026-04-10 09:19:07.660,20260410,91907660,000009.SZ,339808,2,0,9.45,100
2026-04-10 09:19:08.600,20260410,91908600,000009.SZ,340174,1,0,8.82,500
2026-04-10 09:19:09.730,20260410,91909730,000009.SZ,340574,1,0,8.56,7500
2026-04-10 09:19:10.510,20260410,91910510,000009.SZ,340870,2,0,8.71,1200
2026-04-10 09:19:21.030,20260410,91921030,000009.SZ,344727,2,0,8.98,2600
2026-04-10 09:19:22.510,20260410,91922510,000009.SZ,345263,2,0,9.54,3000
2026-04-10 09:19:25.020,20260410,91925020,000009.SZ,346125,2,0,8.95,6400
2026-04-10 09:19:33.580,20260410,91933580,000009.SZ,349298,1,0,8.3,1000
2026-04-10 09:19:33.840,20260410,91933840,000009.SZ,349394,2,0,9.52,500
2026-04-10 09:19:34.040,20260410,91934040,000009.SZ,349463,2,0,9.02,500
2026-04-10 09:19:36.570,20260410,91936570,000009.SZ,350341,2,0,9.53,100
2026-04-10 09:19:43.060,20260410,91943060,000009.SZ,352599,1,0,8.51,1200
2026-04-10 09:19:43.760,20260410,91943760,000009.SZ,352878,1,0,8.4,2100
2026-04-10 09:19:45.550,20260410,91945550,000009.SZ,353528,2,0,8.98,1000
2026-04-10 09:19:47.240,20260410,91947240,000009.SZ,354144,2,0,9.54,4300
2026-04-10 09:19:47.680,20260410,91947680,000009.SZ,354288,2,0,9.52,1100
2026-04-10 09:19:53.110,20260410,91953110,000009.SZ,356310,1,0,8.63,500
2026-04-10 09:19:54.650,20260410,91954650,000009.SZ,356878,2,0,9.53,700
2026-04-10 09:19:57.100,20260410,91957100,000009.SZ,357793,2,0,8.88,500
2026-04-10 09:19:59.240,20260410,91959240,000009.SZ,358702,2,0,9.34,100
2026-04-10 09:20:00.330,20260410,92000330,000009.SZ,359117,2,0,8.71,500
2026-04-10 09:20:01.160,20260410,92001160,000009.SZ,359474,2,0,9.54,100
2026-04-10 09:20:02.690,20260410,92002690,000009.SZ,360097,1,0,8.63,5000
2026-04-10 09:20:04.170,20260410,92004170,000009.SZ,360740,1,0,8.61,2600
2026-04-10 09:20:08.630,20260410,92008630,000009.SZ,362411,2,0,8.88,100
2026-04-10 09:20:10.130,20260410,92010130,000009.SZ,362927,2,0,8.86,10000
2026-04-10 09:20:15.970,20260410,92015970,000009.SZ,364861,1,0,8.6,9900
2026-04-10 09:20:15.990,20260410,92015990,000009.SZ,364871,1,0,8.63,2000
2026-04-10 09:20:18.110,20260410,92018110,000009.SZ,365552,2,0,9.11,1000
2026-04-10 09:20:21.410,20260410,92021410,000009.SZ,366660,1,0,8.63,1000
2026-04-10 09:20:23.740,20260410,92023740,000009.SZ,367484,2,0,9.52,1400
2026-04-10 09:20:28.360,20260410,92028360,000009.SZ,369095,1,0,8.17,600
2026-04-10 09:20:28.360,20260410,92028360,000009.SZ,369096,2,0,9.03,600
2026-04-10 09:20:33.330,20260410,92033330,000009.SZ,370780,2,0,8.85,100
2026-04-10 09:20:35.230,20260410,92035230,000009.SZ,371412,2,0,8.75,2000
2026-04-10 09:20:38.890,20260410,92038890,000009.SZ,372626,2,0,9.05,1600
2026-04-10 09:20:39.640,20260410,92039640,000009.SZ,372877,2,0,9.54,100
2026-04-10 09:20:47.790,20260410,92047790,000009.SZ,375734,1,0,8.38,200
2026-04-10 09:20:47.950,20260410,92047950,000009.SZ,375791,2,0,8.68,5200
2026-04-10 09:20:48.900,20260410,92048900,000009.SZ,376150,1,0,8.66,5000
2026-04-10 09:20:52.330,20260410,92052330,000009.SZ,377325,1,0,8.65,1000
2026-04-10 09:20:53.720,20260410,92053720,000009.SZ,377818,1,0,7.8,200
2026-04-10 09:20:54.070,20260410,92054070,000009.SZ,377935,2,0,8.85,15000
2026-04-10 09:20:56.930,20260410,92056930,000009.SZ,378912,2,0,8.88,10000
2026-04-10 09:20:58.430,20260410,92058430,000009.SZ,379456,2,0,8.97,200
2026-04-10 09:21:00.390,20260410,92100390,000009.SZ,380253,1,0,8.62,1000
2026-04-10 09:21:00.600,20260410,92100600,000009.SZ,380619,2,0,7.81,100
2026-04-10 09:21:02.170,20260410,92102170,000009.SZ,381827,2,0,9.54,700
2026-04-10 09:21:04.400,20260410,92104400,000009.SZ,382729,2,0,8.9,2000
2026-04-10 09:21:14.230,20260410,92114230,000009.SZ,386551,1,0,8.66,900
2026-04-10 09:21:14.510,20260410,92114510,000009.SZ,386644,1,0,8.64,2500
2026-04-10 09:21:20.370,20260410,92120370,000009.SZ,388765,2,0,9.54,6900
2026-04-10 09:21:22.050,20260410,92122050,000009.SZ,389434,1,0,8.68,4000
2026-04-10 09:21:25.600,20260410,92125600,000009.SZ,390790,1,0,8.6,5000
2026-04-10 09:21:29.240,20260410,92129240,000009.SZ,392219,2,0,9.5,5000
2026-04-10 09:21:31.640,20260410,92131640,000009.SZ,393196,1,0,8.4,300
2026-04-10 09:21:35.420,20260410,92135420,000009.SZ,394736,2,0,9.09,6300
2026-04-10 09:21:35.480,20260410,92135480,000009.SZ,394763,2,0,8.9,2000
2026-04-10 09:21:38.760,20260410,92138760,000009.SZ,396085,1,0,8.68,500
2026-04-10 09:21:42.570,20260410,92142570,000009.SZ,397664,2,0,9.12,1200
2026-04-10 09:21:45.110,20260410,92145110,000009.SZ,398691,1,0,8.65,100
2026-04-10 09:21:54.020,20260410,92154020,000009.SZ,402406,1,0,8.2,500
2026-04-10 09:21:56.600,20260410,92156600,000009.SZ,403489,1,0,8.61,5000
2026-04-10 09:21:57.390,20260410,92157390,000009.SZ,403827,2,0,9.53,400
2026-04-10 09:21:57.510,20260410,92157510,000009.SZ,403874,2,0,9.54,6200
2026-04-10 09:21:57.650,20260410,92157650,000009.SZ,403928,2,0,9.54,1100
2026-04-10 09:22:00.230,20260410,92200230,000009.SZ,404983,1,0,8.5,500
2026-04-10 09:22:01.210,20260410,92201210,000009.SZ,405372,2,0,8.9,2000
2026-04-10 09:22:02.830,20260410,92202830,000009.SZ,406042,2,0,8.99,1900
2026-04-10 09:22:06.050,20260410,92206050,000009.SZ,407379,2,0,9.54,3000
2026-04-10 09:22:06.230,20260410,92206230,000009.SZ,407470,1,0,8.59,3000
2026-04-10 09:22:08.010,20260410,92208010,000009.SZ,408206,2,0,9.54,300
2026-04-10 09:22:09.620,20260410,92209620,000009.SZ,408897,2,0,9.54,100000
2026-04-10 09:22:11.720,20260410,92211720,000009.SZ,409836,2,0,8.85,4000
2026-04-10 09:22:13.990,20260410,92213990,000009.SZ,410741,2,0,8.95,2000
2026-04-10 09:22:16.830,20260410,92216830,000009.SZ,411984,2,0,8.75,2000
2026-04-10 09:22:18.490,20260410,92218490,000009.SZ,412646,2,0,8.98,1000
2026-04-10 09:22:25.530,20260410,92225530,000009.SZ,415739,1,0,8.25,100
2026-04-10 09:22:29.870,20260410,92229870,000009.SZ,417655,2,0,9.54,200
2026-04-10 09:22:31.590,20260410,92231590,000009.SZ,418389,2,0,9.54,2000
2026-04-10 09:22:32.720,20260410,92232720,000009.SZ,418865,2,0,9.5,3000
2026-04-10 09:22:38.930,20260410,92238930,000009.SZ,421616,2,0,8.95,1000
2026-04-10 09:22:41.150,20260410,92241150,000009.SZ,422632,1,0,8.68,900
2026-04-10 09:22:43.260,20260410,92243260,000009.SZ,423593,2,0,8.78,200
2026-04-10 09:22:44.340,20260410,92244340,000009.SZ,424075,2,0,9.54,1000
2026-04-10 09:22:44.680,20260410,92244680,000009.SZ,424194,1,0,8.6,500
2026-04-10 09:22:47.700,20260410,92247700,000009.SZ,425516,1,0,8.62,200
2026-04-10 09:22:47.890,20260410,92247890,000009.SZ,425601,1,0,8.68,200
2026-04-10 09:22:48.730,20260410,92248730,000009.SZ,425967,2,0,8.82,2000
2026-04-10 09:23:04.580,20260410,92304580,000009.SZ,433656,1,0,8.73,5000
2026-04-10 09:23:05.860,20260410,92305860,000009.SZ,434325,2,0,8.68,400
2026-04-10 09:23:08.790,20260410,92308790,000009.SZ,435877,2,0,8.78,4300
2026-04-10 09:23:14.590,20260410,92314590,000009.SZ,438686,1,0,8.68,10000
2026-04-10 09:23:15.380,20260410,92315380,000009.SZ,439072,2,0,9.0,1000
2026-04-10 09:23:22.250,20260410,92322250,000009.SZ,442564,1,0,8.5,1000
2026-04-10 09:23:22.370,20260410,92322370,000009.SZ,442628,2,0,8.75,30000
2026-04-10 09:23:22.740,20260410,92322740,000009.SZ,442814,1,0,8.6,4800
2026-04-10 09:23:23.890,20260410,92323890,000009.SZ,443410,1,0,8.68,100
2026-04-10 09:23:25.560,20260410,92325560,000009.SZ,444285,2,0,8.97,1000
2026-04-10 09:23:30.380,20260410,92330380,000009.SZ,446787,2,0,8.76,30000
2026-04-10 09:23:31.670,20260410,92331670,000009.SZ,447492,1,0,8.66,40000
2026-04-10 09:23:38.090,20260410,92338090,000009.SZ,450962,1,0,8.64,2700
2026-04-10 09:23:38.440,20260410,92338440,000009.SZ,451159,2,0,9.18,2000
2026-04-10 09:23:39.530,20260410,92339530,000009.SZ,451751,1,0,8.88,1000
2026-04-10 09:23:43.100,20260410,92343100,000009.SZ,453761,2,0,9.0,10000
2026-04-10 09:23:44.200,20260410,92344200,000009.SZ,454309,2,0,9.54,5000
2026-04-10 09:23:44.500,20260410,92344500,000009.SZ,454474,1,0,8.3,5000
2026-04-10 09:23:46.330,20260410,92346330,000009.SZ,455463,2,0,8.76,500
2026-04-10 09:23:47.390,20260410,92347390,000009.SZ,456109,2,0,9.52,1000
2026-04-10 09:23:47.940,20260410,92347940,000009.SZ,456420,2,0,9.3,1000
2026-04-10 09:23:49.680,20260410,92349680,000009.SZ,457358,2,0,9.21,500
2026-04-10 09:23:50.410,20260410,92350410,000009.SZ,457730,2,0,8.85,600
2026-04-10 09:23:50.870,20260410,92350870,000009.SZ,457983,1,0,8.68,12000
2026-04-10 09:23:51.770,20260410,92351770,000009.SZ,458439,1,0,8.5,10000
2026-04-10 09:24:00.420,20260410,92400420,000009.SZ,463723,1,0,8.62,1000
2026-04-10 09:24:01.500,20260410,92401500,000009.SZ,464391,1,0,8.68,12000
2026-04-10 09:24:02.360,20260410,92402360,000009.SZ,464926,1,0,8.5,2000
2026-04-10 09:24:05.590,20260410,92405590,000009.SZ,467065,1,0,8.69,10000
2026-04-10 09:24:09.060,20260410,92409060,000009.SZ,469377,2,0,8.73,1000
2026-04-10 09:24:15.280,20260410,92415280,000009.SZ,473954,1,0,8.7,9200
2026-04-10 09:24:16.710,20260410,92416710,000009.SZ,475023,1,0,8.64,500
2026-04-10 09:24:17.190,20260410,92417190,000009.SZ,475363,2,0,8.88,1000
2026-04-10 09:24:19.070,20260410,92419070,000009.SZ,476750,2,0,9.54,200
2026-04-10 09:24:20.190,20260410,92420190,000009.SZ,477612,1,0,8.69,200
2026-04-10 09:24:20.260,20260410,92420260,000009.SZ,477672,2,0,8.75,700
2026-04-10 09:24:20.770,20260410,92420770,000009.SZ,478089,1,0,8.28,2000
2026-04-10 09:24:22.690,20260410,92422690,000009.SZ,479695,1,0,8.69,1000
2026-04-10 09:24:23.140,20260410,92423140,000009.SZ,480039,1,0,8.61,6000
2026-04-10 09:24:25.540,20260410,92425540,000009.SZ,482026,2,0,8.69,3200
2026-04-10 09:24:25.950,20260410,92425950,000009.SZ,482337,1,0,8.71,9800
2026-04-10 09:24:27.730,20260410,92427730,000009.SZ,483790,1,0,8.6,1500
2026-04-10 09:24:28.200,20260410,92428200,000009.SZ,484137,1,0,8.41,1000
2026-04-10 09:24:29.620,20260410,92429620,000009.SZ,485476,2,0,9.54,500
2026-04-10 09:24:30.170,20260410,92430170,000009.SZ,485974,1,0,8.84,100
2026-04-10 09:24:30.280,20260410,92430280,000009.SZ,486085,2,0,8.83,600
2026-04-10 09:24:30.350,20260410,92430350,000009.SZ,486164,1,0,8.63,800
2026-04-10 09:24:31.530,20260410,92431530,000009.SZ,487276,2,0,8.93,2000
2026-04-10 09:24:36.460,20260410,92436460,000009.SZ,491509,1,0,8.7,2900
2026-04-10 09:24:38.440,20260410,92438440,000009.SZ,493397,1,0,8.65,500
2026-04-10 09:24:38.680,20260410,92438680,000009.SZ,493675,1,0,8.56,2000
2026-04-10 09:24:39.740,20260410,92439740,000009.SZ,494831,2,0,9.1,2000
2026-04-10 09:24:41.900,20260410,92441900,000009.SZ,496843,1,0,8.74,800
2026-04-10 09:24:42.360,20260410,92442360,000009.SZ,497264,2,0,9.2,200
2026-04-10 09:24:45.030,20260410,92445030,000009.SZ,499751,2,0,8.88,1000
2026-04-10 09:24:47.290,20260410,92447290,000009.SZ,501961,2,0,8.76,10000
2026-04-10 09:24:49.100,20260410,92449100,000009.SZ,503960,2,0,9.19,200
2026-04-10 09:24:49.280,20260410,92449280,000009.SZ,504169,2,0,8.76,600
2026-04-10 09:24:49.350,20260410,92449350,000009.SZ,504253,2,0,8.87,100
2026-04-10 09:24:50.660,20260410,92450660,000009.SZ,506382,2,0,8.58,100
2026-04-10 09:24:52.640,20260410,92452640,000009.SZ,508933,2,0,9.1,1000
2026-04-10 09:24:53.190,20260410,92453190,000009.SZ,509759,2,0,8.83,1000
2026-04-10 09:24:54.300,20260410,92454300,000009.SZ,511468,2,0,8.72,10700
2026-04-10 09:24:54.530,20260410,92454530,000009.SZ,511886,1,0,8.68,10000
2026-04-10 09:24:55.400,20260410,92455400,000009.SZ,513615,2,0,7.8,600
2026-04-10 09:24:55.630,20260410,92455630,000009.SZ,514074,2,0,8.62,100
2026-04-10 09:24:56.640,20260410,92456640,000009.SZ,516811,1,0,8.63,5000
2026-04-10 09:24:56.660,20260410,92456660,000009.SZ,516850,2,0,9.37,200
2026-04-10 09:24:58.390,20260410,92458390,000009.SZ,522196,2,0,8.53,1100
2026-04-10 09:24:58.610,20260410,92458610,000009.SZ,523110,2,0,8.8,9700
2026-04-10 09:24:58.770,20260410,92458770,000009.SZ,523651,2,0,8.5,1600
2026-04-10 09:24:58.970,20260410,92458970,000009.SZ,524334,2,0,7.81,11300
2026-04-10 09:24:59.610,20260410,92459610,000009.SZ,528500,1,0,8.95,8400
2026-04-10 09:24:59.660,20260410,92459660,000009.SZ,528850,2,0,8.5,100
2026-04-10 09:24:59.690,20260410,92459690,000009.SZ,529044,2,0,8.48,100
2026-04-10 09:30:00.030,20260410,93000030,000009.SZ,620733,2,0,8.82,23800
2026-04-10 09:30:00.040,20260410,93000040,000009.SZ,623940,1,0,8.69,700
2026-04-10 09:30:00.040,20260410,93000040,000009.SZ,624357,2,0,9.38,900
2026-04-10 09:30:00.040,20260410,93000040,000009.SZ,625375,2,0,8.7,1000
2026-04-10 09:30:00.040,20260410,93000040,000009.SZ,626520,2,0,9.54,101400
2026-04-10 09:30:00.050,20260410,93000050,000009.SZ,627693,1,0,7.8,1000
2026-04-10 09:30:00.050,20260410,93000050,000009.SZ,628034,2,0,9.46,300
2026-04-10 09:30:00.050,20260410,93000050,000009.SZ,628225,1,0,8.38,200
2026-04-10 09:30:00.050,20260410,93000050,000009.SZ,628522,1,0,8.01,300
2026-04-10 09:30:00.050,20260410,93000050,000009.SZ,629892,1,0,8.6,1000
2026-04-10 09:30:00.050,20260410,93000050,000009.SZ,630498,2,0,8.88,1200
2026-04-10 09:30:00.050,20260410,93000050,000009.SZ,630764,1,0,8.71,4000
2026-04-10 09:30:00.050,20260410,93000050,000009.SZ,631769,2,0,8.76,30000
2026-04-10 09:30:00.050,20260410,93000050,000009.SZ,633273,2,0,9.13,3800
2026-04-10 09:30:00.060,20260410,93000060,000009.SZ,633438,2,0,8.79,20000
2026-04-10 09:30:00.060,20260410,93000060,000009.SZ,636545,2,0,8.9,2000
2026-04-10 09:30:00.060,20260410,93000060,000009.SZ,637577,2,0,8.85,20000
2026-04-10 09:30:00.060,20260410,93000060,000009.SZ,639821,2,0,8.86,7500
2026-04-10 09:30:00.070,20260410,93000070,000009.SZ,640623,1,0,8.7,1000
2026-04-10 09:30:00.070,20260410,93000070,000009.SZ,640705,2,0,8.98,1700
2026-04-10 09:30:00.070,20260410,93000070,000009.SZ,643793,2,0,8.88,100
2026-04-10 09:30:00.070,20260410,93000070,000009.SZ,643987,1,0,8.67,5000
2026-04-10 09:30:00.070,20260410,93000070,000009.SZ,644482,1,0,8.71,100
2026-04-10 09:30:00.080,20260410,93000080,000009.SZ,648815,1,0,8.68,5000
2026-04-10 09:30:00.090,20260410,93000090,000009.SZ,652470,2,0,9.33,1200
2026-04-10 09:30:00.090,20260410,93000090,000009.SZ,655567,2,0,8.75,1000
2026-04-10 09:30:00.090,20260410,93000090,000009.SZ,655571,2,0,9.54,2300
2026-04-10 09:30:00.100,20260410,93000100,000009.SZ,656822,1,0,8.66,50200
2026-04-10 09:30:00.100,20260410,93000100,000009.SZ,656853,2,0,8.69,7500
2026-04-10 09:30:00.100,20260410,93000100,000009.SZ,656990,1,0,8.65,2500
2026-04-10 09:30:00.100,20260410,93000100,000009.SZ,657296,1,0,8.64,100
2026-04-10 09:30:00.100,20260410,93000100,000009.SZ,657884,1,0,8.41,1000
2026-04-10 09:30:00.110,20260410,93000110,000009.SZ,662949,1,0,8.63,2000
2026-04-10 09:30:00.110,20260410,93000110,000009.SZ,664432,2,0,9.12,3000
2026-04-10 09:30:00.120,20260410,93000120,000009.SZ,667803,2,0,8.74,500
2026-04-10 09:30:00.120,20260410,93000120,000009.SZ,668841,2,0,8.71,2600
2026-04-10 09:30:00.120,20260410,93000120,000009.SZ,670488,2,0,8.88,20000
2026-04-10 09:30:00.120,20260410,93000120,000009.SZ,670630,2,0,8.78,1000
2026-04-10 09:30:00.120,20260410,93000120,000009.SZ,670821,2,0,9.5,1000
2026-04-10 09:30:00.130,20260410,93000130,000009.SZ,673416,2,0,8.9,2000
2026-04-10 09:30:00.130,20260410,93000130,000009.SZ,674817,1,0,8.24,1000
2026-04-10 09:30:00.130,20260410,93000130,000009.SZ,675319,1,0,8.63,63200
2026-04-10 09:30:00.130,20260410,93000130,000009.SZ,676288,2,0,8.75,2000
2026-04-10 09:30:00.140,20260410,93000140,000009.SZ,680461,2,0,9.0,9700
2026-04-10 09:30:00.140,20260410,93000140,000009.SZ,681900,2,0,9.06,1000
2026-04-10 09:30:00.140,20260410,93000140,000009.SZ,683300,2,0,8.73,200
2026-04-10 09:30:00.140,20260410,93000140,000009.SZ,683735,1,0,8.6,2000
2026-04-10 09:30:00.140,20260410,93000140,000009.SZ,685002,2,0,8.71,1400
2026-04-10 09:30:00.150,20260410,93000150,000009.SZ,688327,2,0,9.54,5000
2026-04-10 09:30:00.150,20260410,93000150,000009.SZ,688906,1,0,8.69,2500
2026-04-10 09:30:00.150,20260410,93000150,000009.SZ,688964,2,0,9.05,20000
2026-04-10 09:30:00.150,20260410,93000150,000009.SZ,689082,2,0,9.1,40000
2026-04-10 09:30:00.160,20260410,93000160,000009.SZ,691568,1,0,8.65,4500
2026-04-10 09:30:00.160,20260410,93000160,000009.SZ,694444,1,0,8.71,2000
2026-04-10 09:30:00.160,20260410,93000160,000009.SZ,694638,2,0,8.74,10000
2026-04-10 09:30:00.160,20260410,93000160,000009.SZ,696627,1,0,8.66,7000
2026-04-10 09:30:00.170,20260410,93000170,000009.SZ,698647,1,0,8.74,100
2026-04-10 09:30:00.170,20260410,93000170,000009.SZ,698711,1,0,8.65,1200
2026-04-10 09:30:00.170,20260410,93000170,000009.SZ,700750,1,0,8.65,5000
2026-04-10 09:30:00.180,20260410,93000180,000009.SZ,704957,1,0,8.71,5000
2026-04-10 09:30:00.190,20260410,93000190,000009.SZ,707302,2,0,8.79,1000
2026-04-10 09:30:00.190,20260410,93000190,000009.SZ,707456,1,0,8.62,1000
2026-04-10 09:30:00.190,20260410,93000190,000009.SZ,707912,1,0,8.71,13100
2026-04-10 09:30:00.190,20260410,93000190,000009.SZ,709319,2,0,8.77,1000
2026-04-10 09:30:00.200,20260410,93000200,000009.SZ,712061,2,0,9.18,400
2026-04-10 09:30:00.200,20260410,93000200,000009.SZ,712585,2,0,8.89,2000
2026-04-10 09:30:00.200,20260410,93000200,000009.SZ,712885,1,0,8.57,400
2026-04-10 09:30:00.200,20260410,93000200,000009.SZ,714385,2,0,9.2,500
2026-04-10 09:30:00.200,20260410,93000200,000009.SZ,714461,1,0,8.71,500
2026-04-10 09:30:00.210,20260410,93000210,000009.SZ,715574,1,0,8.6,1000
2026-04-10 09:30:00.210,20260410,93000210,000009.SZ,716811,2,0,8.77,1000
2026-04-10 09:30:00.210,20260410,93000210,000009.SZ,717158,2,0,9.15,80000
2026-04-10 09:30:00.210,20260410,93000210,000009.SZ,717236,2,0,9.2,50000
2026-04-10 09:30:00.210,20260410,93000210,000009.SZ,717309,2,0,8.82,1000
2026-04-10 09:30:00.210,20260410,93000210,000009.SZ,717311,2,0,9.25,50000
2026-04-10 09:30:00.210,20260410,93000210,000009.SZ,718083,2,0,8.88,5000
2026-04-10 09:30:00.210,20260410,93000210,000009.SZ,718231,2,0,8.98,5000
2026-04-10 09:30:00.210,20260410,93000210,000009.SZ,718238,2,0,9.08,5000
2026-04-10 09:30:00.220,20260410,93000220,000009.SZ,718845,2,0,8.71,5000
2026-04-10 09:30:00.240,20260410,93000240,000009.SZ,730319,2,0,8.88,1000
2026-04-10 09:30:00.260,20260410,93000260,000009.SZ,735675,2,0,8.79,30900
2026-04-10 09:30:00.270,20260410,93000270,000009.SZ,738455,1,0,8.45,500
2026-04-10 09:30:00.270,20260410,93000270,000009.SZ,738944,2,0,9.5,2400
2026-04-10 09:30:00.270,20260410,93000270,000009.SZ,739140,2,0,9.03,100
2026-04-10 09:30:00.270,20260410,93000270,000009.SZ,740243,1,0,8.66,1200
2026-04-10 09:30:00.280,20260410,93000280,000009.SZ,740638,2,0,8.84,1500
2026-04-10 09:30:00.290,20260410,93000290,000009.SZ,744647,2,0,8.73,1800
2026-04-10 09:30:00.300,20260410,93000300,000009.SZ,747809,2,0,8.7,5000
2026-04-10 09:30:00.310,20260410,93000310,000009.SZ,750744,2,0,9.06,2300
2026-04-10 09:30:00.310,20260410,93000310,000009.SZ,750833,2,0,8.76,1200
2026-04-10 09:30:00.340,20260410,93000340,000009.SZ,757543,1,0,8.7,3000
2026-04-10 09:30:00.340,20260410,93000340,000009.SZ,758216,2,0,9.53,600
2026-04-10 09:30:00.340,20260410,93000340,000009.SZ,758238,1,0,8.52,500
2026-04-10 09:30:00.340,20260410,93000340,000009.SZ,758262,1,0,8.5,1000
2026-04-10 09:30:00.340,20260410,93000340,000009.SZ,758853,2,0,8.86,1200
2026-04-10 09:30:00.350,20260410,93000350,000009.SZ,760574,1,0,8.7,400
2026-04-10 09:30:00.360,20260410,93000360,000009.SZ,761150,1,0,8.63,1000
2026-04-10 09:30:00.360,20260410,93000360,000009.SZ,761292,2,0,8.7,1100
2026-04-10 09:30:00.360,20260410,93000360,000009.SZ,762164,2,0,8.75,1900
2026-04-10 09:30:00.360,20260410,93000360,000009.SZ,762262,2,0,8.81,1000
2026-04-10 09:30:00.360,20260410,93000360,000009.SZ,762376,1,0,7.8,300
2026-04-10 09:30:00.360,20260410,93000360,000009.SZ,762925,1,0,8.67,1000
2026-04-10 09:30:00.370,20260410,93000370,000009.SZ,763515,2,0,9.54,3600
2026-04-10 09:30:00.370,20260410,93000370,000009.SZ,764086,2,0,9.02,2000
2026-04-10 09:30:00.370,20260410,93000370,000009.SZ,764492,2,0,8.88,9300
2026-04-10 09:30:00.370,20260410,93000370,000009.SZ,764962,2,0,8.78,4000
2026-04-10 09:30:00.380,20260410,93000380,000009.SZ,765199,2,0,9.48,2700
2026-04-10 09:30:00.380,20260410,93000380,000009.SZ,765686,2,0,9.54,3500
2026-04-10 09:30:00.380,20260410,93000380,000009.SZ,765781,2,0,9.42,2000
2026-04-10 09:30:00.380,20260410,93000380,000009.SZ,765824,2,0,9.39,2000
2026-04-10 09:30:00.380,20260410,93000380,000009.SZ,765848,2,0,9.54,6000
2026-04-10 09:30:00.380,20260410,93000380,000009.SZ,766415,1,0,8.55,2000
2026-04-10 09:30:00.390,20260410,93000390,000009.SZ,768188,1,0,8.72,1700
2026-04-10 09:30:00.400,20260410,93000400,000009.SZ,768865,2,0,9.08,500
2026-04-10 09:30:00.400,20260410,93000400,000009.SZ,769287,2,0,9.53,400
2026-04-10 09:30:00.400,20260410,93000400,000009.SZ,769612,2,0,8.75,3800
2026-04-10 09:30:00.400,20260410,93000400,000009.SZ,769649,2,0,8.78,3900
2026-04-10 09:30:00.410,20260410,93000410,000009.SZ,771180,2,0,9.06,4500
2026-04-10 09:30:00.410,20260410,93000410,000009.SZ,771334,2,0,9.35,2000
2026-04-10 09:30:00.410,20260410,93000410,000009.SZ,771338,1,0,8.68,1100
2026-04-10 09:30:00.410,20260410,93000410,000009.SZ,771656,1,0,8.77,2800
2026-04-10 09:30:00.420,20260410,93000420,000009.SZ,772404,2,0,9.31,2200
2026-04-10 09:30:00.420,20260410,93000420,000009.SZ,772974,1,0,8.7,500
2026-04-10 09:30:00.430,20260410,93000430,000009.SZ,775336,2,0,9.21,1900
2026-04-10 09:30:00.430,20260410,93000430,000009.SZ,775420,2,0,8.74,100
2026-04-10 09:30:00.430,20260410,93000430,000009.SZ,775510,1,0,8.67,2600
2026-04-10 09:30:00.450,20260410,93000450,000009.SZ,779319,2,0,9.49,3300
2026-04-10 09:30:00.460,20260410,93000460,000009.SZ,780468,1,0,8.65,1000
2026-04-10 09:30:00.470,20260410,93000470,000009.SZ,782898,2,0,8.77,1000
2026-04-10 09:30:00.470,20260410,93000470,000009.SZ,783286,2,0,8.88,1000
2026-04-10 09:30:00.470,20260410,93000470,000009.SZ,783977,1,0,8.71,500
2026-04-10 09:30:00.480,20260410,93000480,000009.SZ,785623,2,0,8.95,1000
2026-04-10 09:30:00.490,20260410,93000490,000009.SZ,786379,1,0,8.47,1000
2026-04-10 09:30:00.490,20260410,93000490,000009.SZ,786582,2,0,9.54,100
2026-04-10 09:30:00.490,20260410,93000490,000009.SZ,787142,2,0,8.81,7000
2026-04-10 09:30:00.500,20260410,93000500,000009.SZ,788525,1,0,8.11,100
2026-04-10 09:30:00.500,20260410,93000500,000009.SZ,788559,1,0,8.41,100
2026-04-10 09:30:00.500,20260410,93000500,000009.SZ,788566,1,0,8.08,100
2026-04-10 09:30:00.500,20260410,93000500,000009.SZ,788573,1,0,8.31,100
2026-04-10 09:30:00.500,20260410,93000500,000009.SZ,788577,1,0,8.06,100
2026-04-10 09:30:00.500,20260410,93000500,000009.SZ,788579,1,0,8.15,100
2026-04-10 09:30:00.500,20260410,93000500,000009.SZ,788585,1,0,8.23,100
2026-04-10 09:30:00.500,20260410,93000500,000009.SZ,788589,1,0,8.16,100
2026-04-10 09:30:00.500,20260410,93000500,000009.SZ,788590,1,0,8.18,100
2026-04-10 09:30:00.500,20260410,93000500,000009.SZ,788624,1,0,8.5,100
2026-04-10 09:30:00.500,20260410,93000500,000009.SZ,788625,1,0,8.48,100
2026-04-10 09:30:00.500,20260410,93000500,000009.SZ,788632,1,0,8.04,100
2026-04-10 09:30:00.500,20260410,93000500,000009.SZ,788646,1,0,8.42,100
2026-04-10 09:30:00.500,20260410,93000500,000009.SZ,788647,1,0,8.35,100
2026-04-10 09:30:00.500,20260410,93000500,000009.SZ,788648,1,0,8.27,100
2026-04-10 09:30:00.500,20260410,93000500,000009.SZ,788695,1,0,8.45,100
2026-04-10 09:30:00.500,20260410,93000500,000009.SZ,788791,1,0,8.32,100
2026-04-10 09:30:00.500,20260410,93000500,000009.SZ,788794,1,0,8.39,100
2026-04-10 09:30:00.500,20260410,93000500,000009.SZ,788841,1,0,8.46,100
2026-04-10 09:30:00.500,20260410,93000500,000009.SZ,788880,1,0,8.29,100
2026-04-10 09:30:00.500,20260410,93000500,000009.SZ,789212,1,0,8.2,100
2026-04-10 09:30:00.500,20260410,93000500,000009.SZ,790483,1,0,8.5,1000
2026-04-10 09:30:00.510,20260410,93000510,000009.SZ,791567,1,0,8.71,1100
2026-04-10 09:30:00.520,20260410,93000520,000009.SZ,793367,2,0,9.43,700
2026-04-10 09:30:00.530,20260410,93000530,000009.SZ,797376,1,0,8.36,100
2026-04-10 09:30:00.540,20260410,93000540,000009.SZ,799367,2,0,8.7,100
2026-04-10 09:30:00.560,20260410,93000560,000009.SZ,801566,1,0,8.68,2000
2026-04-10 09:30:00.560,20260410,93000560,000009.SZ,802161,1,0,8.7,2000
2026-04-10 09:30:00.560,20260410,93000560,000009.SZ,802618,2,0,9.13,1900
2026-04-10 09:30:00.560,20260410,93000560,000009.SZ,803117,2,0,9.52,4000
2026-04-10 09:30:00.570,20260410,93000570,000009.SZ,804262,1,0,8.68,500
2026-04-10 09:30:00.570,20260410,93000570,000009.SZ,804363,1,0,8.65,2000
2026-04-10 09:30:00.570,20260410,93000570,000009.SZ,804586,2,0,8.86,8000
2026-04-10 09:30:00.570,20260410,93000570,000009.SZ,804884,2,0,8.9,100
2026-04-10 09:30:00.580,20260410,93000580,000009.SZ,806978,2,0,9.53,300
2026-04-10 09:30:00.600,20260410,93000600,000009.SZ,810147,1,0,8.6,3000
2026-04-10 09:30:00.610,20260410,93000610,000009.SZ,811077,2,0,9.54,2000
2026-04-10 09:30:00.620,20260410,93000620,000009.SZ,812925,2,0,8.84,500
2026-04-10 09:30:00.630,20260410,93000630,000009.SZ,814615,2,0,9.0,3000
2026-04-10 09:30:00.630,20260410,93000630,000009.SZ,815610,2,0,8.77,1000
2026-04-10 09:30:00.630,20260410,93000630,000009.SZ,815690,2,0,8.82,700
2026-04-10 09:30:00.640,20260410,93000640,000009.SZ,816581,2,2,0.0,400
2026-04-10 09:30:00.640,20260410,93000640,000009.SZ,817057,2,0,9.28,10000
2026-04-10 09:30:00.660,20260410,93000660,000009.SZ,820257,2,0,8.85,17700
2026-04-10 09:30:00.660,20260410,93000660,000009.SZ,821225,2,0,9.09,1600
2026-04-10 09:30:00.680,20260410,93000680,000009.SZ,824144,1,0,8.72,500
2026-04-10 09:30:00.690,20260410,93000690,000009.SZ,826133,1,0,8.63,8000
2026-04-10 09:30:00.690,20260410,93000690,000009.SZ,826271,2,0,8.72,1400
2026-04-10 09:30:00.690,20260410,93000690,000009.SZ,826600,1,0,8.72,3400
2026-04-10 09:30:00.690,20260410,93000690,000009.SZ,826734,1,0,8.65,800
2026-04-10 09:30:00.690,20260410,93000690,000009.SZ,827097,1,0,8.64,1000
2026-04-10 09:30:00.710,20260410,93000710,000009.SZ,831046,2,0,8.91,100
2026-04-10 09:30:00.720,20260410,93000720,000009.SZ,831708,1,0,8.67,100
2026-04-10 09:30:00.740,20260410,93000740,000009.SZ,836043,2,0,8.77,1600
2026-04-10 09:30:00.760,20260410,93000760,000009.SZ,839584,2,0,8.75,200
2026-04-10 09:30:00.760,20260410,93000760,000009.SZ,839610,2,0,9.0,6400
2026-04-10 09:30:00.770,20260410,93000770,000009.SZ,841336,2,0,8.86,30000
2026-04-10 09:30:00.790,20260410,93000790,000009.SZ,843310,1,0,8.5,2000
2026-04-10 09:30:00.790,20260410,93000790,000009.SZ,843838,2,0,9.53,200
2026-04-10 09:30:00.790,20260410,93000790,000009.SZ,843963,2,0,8.8,1000
2026-04-10 09:30:00.790,20260410,93000790,000009.SZ,844159,2,0,9.54,200
2026-04-10 09:30:00.800,20260410,93000800,000009.SZ,845291,2,0,9.54,400
2026-04-10 09:30:00.850,20260410,93000850,000009.SZ,854034,1,0,7.8,1000
2026-04-10 09:30:00.850,20260410,93000850,000009.SZ,854176,2,0,8.88,700
2026-04-10 09:30:00.860,20260410,93000860,000009.SZ,854602,2,0,8.8,900
2026-04-10 09:30:00.890,20260410,93000890,000009.SZ,857813,2,0,8.77,500
2026-04-10 09:30:00.890,20260410,93000890,000009.SZ,858198,2,0,9.0,600
2026-04-10 09:30:00.890,20260410,93000890,000009.SZ,858656,1,0,8.65,100
2026-04-10 09:30:00.950,20260410,93000950,000009.SZ,865812,2,0,8.86,100
2026-04-10 09:30:00.960,20260410,93000960,000009.SZ,866348,1,0,8.61,1000
2026-04-10 09:30:00.980,20260410,93000980,000009.SZ,869178,2,0,8.8,1000
2026-04-10 09:30:00.980,20260410,93000980,000009.SZ,869197,1,0,8.67,300
2026-04-10 09:30:00.990,20260410,93000990,000009.SZ,870420,1,0,8.67,600
2026-04-10 09:30:01.020,20260410,93001020,000009.SZ,875373,1,0,8.71,5000
2026-04-10 09:30:01.040,20260410,93001040,000009.SZ,877189,1,0,8.7,400
2026-04-10 09:30:01.040,20260410,93001040,000009.SZ,877645,1,0,8.5,3000
2026-04-10 09:30:01.080,20260410,93001080,000009.SZ,883057,1,0,8.72,5700
2026-04-10 09:30:01.080,20260410,93001080,000009.SZ,883100,2,0,8.82,1000
2026-04-10 09:30:01.080,20260410,93001080,000009.SZ,883110,2,0,8.81,1000
2026-04-10 09:30:01.090,20260410,93001090,000009.SZ,883505,1,0,8.71,600
2026-04-10 09:30:01.100,20260410,93001100,000009.SZ,885041,2,0,9.12,2800
2026-04-10 09:30:01.110,20260410,93001110,000009.SZ,885745,2,0,8.71,8000
2026-04-10 09:30:01.110,20260410,93001110,000009.SZ,885952,2,0,9.54,2700
2026-04-10 09:30:01.130,20260410,93001130,000009.SZ,888113,2,0,8.74,600
2026-04-10 09:30:01.140,20260410,93001140,000009.SZ,889332,2,0,8.88,1200
2026-04-10 09:30:01.170,20260410,93001170,000009.SZ,892008,2,0,9.54,3200
2026-04-10 09:30:01.190,20260410,93001190,000009.SZ,893639,2,0,9.54,276100
2026-04-10 09:30:01.210,20260410,93001210,000009.SZ,897038,2,0,9.5,1000
2026-04-10 09:30:01.230,20260410,93001230,000009.SZ,900179,2,0,8.85,2000
2026-04-10 09:30:01.230,20260410,93001230,000009.SZ,900202,1,0,8.71,100
2026-04-10 09:30:01.240,20260410,93001240,000009.SZ,900619,1,0,8.69,2000
2026-04-10 09:30:01.250,20260410,93001250,000009.SZ,901579,1,0,8.72,1200
2026-04-10 09:30:01.270,20260410,93001270,000009.SZ,903756,2,0,8.92,2000
2026-04-10 09:30:01.270,20260410,93001270,000009.SZ,903980,1,0,8.67,600
2026-04-10 09:30:01.270,20260410,93001270,000009.SZ,904404,2,0,8.85,1500
2026-04-10 09:30:01.280,20260410,93001280,000009.SZ,905121,1,0,8.68,300
2026-04-10 09:30:01.320,20260410,93001320,000009.SZ,909459,2,0,8.98,3400
2026-04-10 09:30:01.330,20260410,93001330,000009.SZ,910409,2,0,8.9,1900
2026-04-10 09:30:01.340,20260410,93001340,000009.SZ,910802,2,0,9.3,2000
2026-04-10 09:30:01.410,20260410,93001410,000009.SZ,916152,2,0,9.38,1000
2026-04-10 09:30:01.430,20260410,93001430,000009.SZ,918214,2,0,8.96,1000
2026-04-10 09:30:01.440,20260410,93001440,000009.SZ,918830,2,0,8.88,1000
2026-04-10 09:30:01.440,20260410,93001440,000009.SZ,919177,2,0,8.71,10000
2026-04-10 09:30:01.450,20260410,93001450,000009.SZ,920130,2,0,8.92,1000
2026-04-10 09:30:01.470,20260410,93001470,000009.SZ,921812,2,0,8.85,500
2026-04-10 09:30:01.470,20260410,93001470,000009.SZ,922477,1,0,8.72,600
2026-04-10 09:30:01.490,20260410,93001490,000009.SZ,924618,2,0,9.54,2000
2026-04-10 09:30:01.490,20260410,93001490,000009.SZ,924749,1,0,8.71,2600
2026-04-10 09:30:01.530,20260410,93001530,000009.SZ,928725,1,0,8.71,3100
2026-04-10 09:30:01.530,20260410,93001530,000009.SZ,929025,1,0,8.68,3600
2026-04-10 09:30:01.570,20260410,93001570,000009.SZ,933188,2,0,9.54,2000
2026-04-10 09:30:01.630,20260410,93001630,000009.SZ,938135,2,0,9.54,500
2026-04-10 09:30:01.650,20260410,93001650,000009.SZ,940175,1,0,8.5,1500
2026-04-10 09:30:01.650,20260410,93001650,000009.SZ,940222,2,0,8.99,1500
2026-04-10 09:30:01.680,20260410,93001680,000009.SZ,942672,2,0,9.54,400
2026-04-10 09:30:01.690,20260410,93001690,000009.SZ,944160,1,0,8.68,1100
2026-04-10 09:30:01.700,20260410,93001700,000009.SZ,944643,1,0,8.67,500
2026-04-10 09:30:01.710,20260410,93001710,000009.SZ,945967,1,0,8.5,60000
2026-04-10 09:30:01.710,20260410,93001710,000009.SZ,946389,2,0,8.74,1000
2026-04-10 09:30:01.720,20260410,93001720,000009.SZ,947536,2,0,9.05,1100
2026-04-10 09:30:01.730,20260410,93001730,000009.SZ,948054,2,0,8.79,2000
2026-04-10 09:30:01.730,20260410,93001730,000009.SZ,948496,1,0,8.71,10000
2026-04-10 09:30:01.770,20260410,93001770,000009.SZ,953388,1,0,8.71,300
2026-04-10 09:30:01.840,20260410,93001840,000009.SZ,960547,2,0,8.76,13100
2026-04-10 09:30:01.840,20260410,93001840,000009.SZ,960859,1,0,8.61,1000
2026-04-10 09:30:01.840,20260410,93001840,000009.SZ,960972,2,0,9.09,1400
2026-04-10 09:30:01.850,20260410,93001850,000009.SZ,961193,2,0,8.84,1000
2026-04-10 09:30:01.930,20260410,93001930,000009.SZ,967536,2,0,9.2,1000
2026-04-10 09:30:01.930,20260410,93001930,000009.SZ,968101,1,0,8.71,200
2026-04-10 09:30:01.980,20260410,93001980,000009.SZ,972996,1,0,8.7,100
2026-04-10 09:30:01.980,20260410,93001980,000009.SZ,973390,2,0,8.88,400
2026-04-10 09:30:01.980,20260410,93001980,000009.SZ,973647,2,0,8.85,100
2026-04-10 09:30:02.000,20260410,93002000,000009.SZ,974937,1,0,8.71,200
2026-04-10 09:30:02.010,20260410,93002010,000009.SZ,975526,2,0,8.71,100
2026-04-10 09:30:02.020,20260410,93002020,000009.SZ,976107,1,0,8.3,500
2026-04-10 09:30:02.020,20260410,93002020,000009.SZ,976381,1,0,8.5,500
2026-04-10 09:30:02.020,20260410,93002020,000009.SZ,976725,1,0,8.6,1000
2026-04-10 09:30:02.020,20260410,93002020,000009.SZ,976971,2,0,8.83,5000
2026-04-10 09:30:02.030,20260410,93002030,000009.SZ,977613,2,0,8.82,1000
2026-04-10 09:30:02.070,20260410,93002070,000009.SZ,980977,1,0,8.68,1800
2026-04-10 09:30:02.080,20260410,93002080,000009.SZ,981659,1,0,8.18,1000
2026-04-10 09:30:02.080,20260410,93002080,000009.SZ,981971,2,0,8.9,100
2026-04-10 09:30:02.130,20260410,93002130,000009.SZ,986641,2,0,8.89,1400
2026-04-10 09:30:02.170,20260410,93002170,000009.SZ,989969,2,0,8.7,100
2026-04-10 09:30:02.240,20260410,93002240,000009.SZ,996776,2,0,8.76,13600
2026-04-10 09:30:02.240,20260410,93002240,000009.SZ,997417,2,0,8.7,700
2026-04-10 09:30:02.250,20260410,93002250,000009.SZ,998206,2,0,8.83,20000
2026-04-10 09:30:02.260,20260410,93002260,000009.SZ,998510,2,0,8.82,2000
2026-04-10 09:30:02.270,20260410,93002270,000009.SZ,999143,1,0,8.68,1000
2026-04-10 09:30:02.280,20260410,93002280,000009.SZ,1000136,1,0,8.61,21900
2026-04-10 09:30:02.290,20260410,93002290,000009.SZ,1000869,2,0,9.48,3000
2026-04-10 09:30:02.300,20260410,93002300,000009.SZ,1002047,1,0,8.6,100
2026-04-10 09:30:02.340,20260410,93002340,000009.SZ,1004899,2,0,9.05,2300
2026-04-10 09:30:02.430,20260410,93002430,000009.SZ,1010096,1,0,8.7,700
2026-04-10 09:30:02.460,20260410,93002460,000009.SZ,1012482,2,0,9.0,500
2026-04-10 09:30:02.500,20260410,93002500,000009.SZ,1015877,1,0,8.71,10000
2026-04-10 09:30:02.520,20260410,93002520,000009.SZ,1017196,2,0,8.84,1200
2026-04-10 09:30:02.540,20260410,93002540,000009.SZ,1018822,2,0,9.35,1300
2026-04-10 09:30:02.550,20260410,93002550,000009.SZ,1019939,2,0,8.88,500
2026-04-10 09:30:02.570,20260410,93002570,000009.SZ,1020614,1,0,8.71,12500
2026-04-10 09:30:02.570,20260410,93002570,000009.SZ,1020770,2,0,8.85,400
2026-04-10 09:30:02.590,20260410,93002590,000009.SZ,1022057,1,0,8.71,20000
2026-04-10 09:30:02.590,20260410,93002590,000009.SZ,1022408,2,0,8.89,1000
2026-04-10 09:30:02.670,20260410,93002670,000009.SZ,1027416,1,0,8.71,4000
2026-04-10 09:30:02.670,20260410,93002670,000009.SZ,1027450,2,0,8.9,100
2026-04-10 09:30:02.670,20260410,93002670,000009.SZ,1027476,1,0,8.64,4800
2026-04-10 09:30:02.730,20260410,93002730,000009.SZ,1033135,2,0,8.85,1100
2026-04-10 09:30:02.730,20260410,93002730,000009.SZ,1033214,1,0,8.7,2200
2026-04-10 09:30:02.770,20260410,93002770,000009.SZ,1036163,2,0,9.37,3600
2026-04-10 09:30:02.790,20260410,93002790,000009.SZ,1037768,2,0,8.7,1000
2026-04-10 09:30:02.800,20260410,93002800,000009.SZ,1038901,2,0,8.84,1000
2026-04-10 09:30:02.810,20260410,93002810,000009.SZ,1039225,2,0,8.81,10000
2026-04-10 09:30:02.810,20260410,93002810,000009.SZ,1039738,2,0,8.87,2000
2026-04-10 09:30:02.850,20260410,93002850,000009.SZ,1041973,2,0,8.85,10000
2026-04-10 09:30:02.910,20260410,93002910,000009.SZ,1045749,1,0,8.6,3000
2026-04-10 09:30:02.910,20260410,93002910,000009.SZ,1046225,1,0,8.71,7400
2026-04-10 09:30:02.920,20260410,93002920,000009.SZ,1046603,1,0,8.7,2300
2026-04-10 09:30:02.950,20260410,93002950,000009.SZ,1048623,2,0,8.88,3700
2026-04-10 09:30:02.950,20260410,93002950,000009.SZ,1049015,1,0,8.71,3000
2026-04-10 09:30:02.980,20260410,93002980,000009.SZ,1051547,1,0,8.71,1100
2026-04-10 09:30:02.990,20260410,93002990,000009.SZ,1051702,2,0,9.2,700
2026-04-10 09:30:03.000,20260410,93003000,000009.SZ,1052618,2,0,9.5,600
2026-04-10 09:30:03.030,20260410,93003030,000009.SZ,1054087,1,0,8.48,1000
2026-04-10 09:30:03.030,20260410,93003030,000009.SZ,1054460,2,0,8.81,500
2026-04-10 09:30:03.070,20260410,93003070,000009.SZ,1056722,1,0,8.56,200
2026-04-10 09:30:03.090,20260410,93003090,000009.SZ,1057371,1,0,8.75,8200
2026-04-10 09:30:03.130,20260410,93003130,000009.SZ,1060037,1,0,8.71,4000
2026-04-10 09:30:03.130,20260410,93003130,000009.SZ,1060238,2,0,9.0,100
2026-04-10 09:30:03.140,20260410,93003140,000009.SZ,1060944,2,0,9.5,100
2026-04-10 09:30:03.210,20260410,93003210,000009.SZ,1064725,2,0,9.53,4000
2026-04-10 09:30:03.210,20260410,93003210,000009.SZ,1064866,2,0,8.71,100
2026-04-10 09:30:03.210,20260410,93003210,000009.SZ,1064885,2,0,8.73,1700
2026-04-10 09:30:03.210,20260410,93003210,000009.SZ,1065041,1,0,8.72,400
2026-04-10 09:30:03.210,20260410,93003210,000009.SZ,1065145,2,0,8.76,800
2026-04-10 09:30:03.220,20260410,93003220,000009.SZ,1065961,2,0,8.83,500
2026-04-10 09:30:03.230,20260410,93003230,000009.SZ,1066487,2,0,8.88,600
2026-04-10 09:30:03.230,20260410,93003230,000009.SZ,1066826,1,0,8.72,3200
2026-04-10 09:30:03.230,20260410,93003230,000009.SZ,1066840,1,0,8.72,2400
2026-04-10 09:30:03.240,20260410,93003240,000009.SZ,1067167,2,0,9.53,500
2026-04-10 09:30:03.240,20260410,93003240,000009.SZ,1067350,2,0,8.73,400
2026-04-10 09:30:03.260,20260410,93003260,000009.SZ,1069324,1,0,8.51,3000
2026-04-10 09:30:03.280,20260410,93003280,000009.SZ,1070359,1,0,8.65,1900
2026-04-10 09:30:03.310,20260410,93003310,000009.SZ,1073626,1,0,8.46,3000
2026-04-10 09:30:03.310,20260410,93003310,000009.SZ,1073665,2,0,8.88,4700
2026-04-10 09:30:03.310,20260410,93003310,000009.SZ,1074489,1,0,8.74,100
2026-04-10 09:30:03.340,20260410,93003340,000009.SZ,1075861,2,0,8.7,400
2026-04-10 09:30:03.340,20260410,93003340,000009.SZ,1076357,2,0,8.99,2500
2026-04-10 09:30:03.370,20260410,93003370,000009.SZ,1077828,2,0,8.76,200
2026-04-10 09:30:03.430,20260410,93003430,000009.SZ,1080948,2,0,9.53,5000
2026-04-10 09:30:03.430,20260410,93003430,000009.SZ,1081032,1,0,8.32,700
2026-04-10 09:30:03.470,20260410,93003470,000009.SZ,1085106,2,0,9.54,100
2026-04-10 09:30:03.540,20260410,93003540,000009.SZ,1090260,2,0,8.71,500
2026-04-10 09:30:03.590,20260410,93003590,000009.SZ,1092749,2,0,9.05,1000
2026-04-10 09:30:03.600,20260410,93003600,000009.SZ,1092976,1,0,8.7,5600
2026-04-10 09:30:03.600,20260410,93003600,000009.SZ,1093521,1,0,8.67,1300
2026-04-10 09:30:03.610,20260410,93003610,000009.SZ,1094425,2,0,9.1,10000
2026-04-10 09:30:03.630,20260410,93003630,000009.SZ,1096257,1,0,8.66,2000
2026-04-10 09:30:03.680,20260410,93003680,000009.SZ,1098453,1,0,8.71,500
2026-04-10 09:30:03.700,20260410,93003700,000009.SZ,1100143,2,0,8.74,2000
2026-04-10 09:30:03.730,20260410,93003730,000009.SZ,1101874,2,0,8.8,5800
2026-04-10 09:30:03.760,20260410,93003760,000009.SZ,1104339,2,0,8.98,1000
2026-04-10 09:30:03.770,20260410,93003770,000009.SZ,1105409,2,0,9.13,3000
2026-04-10 09:30:03.790,20260410,93003790,000009.SZ,1107295,2,0,9.16,1000
2026-04-10 09:30:03.830,20260410,93003830,000009.SZ,1109956,2,0,9.22,1100
2026-04-10 09:30:03.830,20260410,93003830,000009.SZ,1110268,1,0,8.6,19500
2026-04-10 09:30:03.880,20260410,93003880,000009.SZ,1112184,1,0,8.66,1500
2026-04-10 09:30:03.880,20260410,93003880,000009.SZ,1112442,1,0,8.6,1000
2026-04-10 09:30:03.890,20260410,93003890,000009.SZ,1112515,1,0,8.57,2000
2026-04-10 09:30:03.910,20260410,93003910,000009.SZ,1113477,1,0,8.52,10000
2026-04-10 09:30:03.940,20260410,93003940,000009.SZ,1115204,2,0,8.84,3000
2026-04-10 09:30:03.970,20260410,93003970,000009.SZ,1116716,2,0,8.7,3600
2026-04-10 09:30:04.010,20260410,93004010,000009.SZ,1118848,2,0,8.73,100
2026-04-10 09:30:04.040,20260410,93004040,000009.SZ,1119786,2,0,8.73,100
2026-04-10 09:30:04.080,20260410,93004080,000009.SZ,1121408,2,0,8.74,600
2026-04-10 09:30:04.110,20260410,93004110,000009.SZ,1122231,2,0,9.5,1000
2026-04-10 09:30:04.120,20260410,93004120,000009.SZ,1123156,1,0,8.71,10000
2026-04-10 09:30:04.150,20260410,93004150,000009.SZ,1125122,2,0,8.95,1500
2026-04-10 09:30:04.200,20260410,93004200,000009.SZ,1126894,2,0,8.9,500
2026-04-10 09:30:04.250,20260410,93004250,000009.SZ,1129455,2,0,9.15,1100
2026-04-10 09:30:04.320,20260410,93004320,000009.SZ,1133851,1,0,8.7,100
2026-04-10 09:30:04.380,20260410,93004380,000009.SZ,1137115,2,0,9.54,400
2026-04-10 09:30:04.470,20260410,93004470,000009.SZ,1142462,1,0,8.71,100
2026-04-10 09:30:04.550,20260410,93004550,000009.SZ,1147034,2,0,8.82,6000
2026-04-10 09:30:04.550,20260410,93004550,000009.SZ,1147060,1,0,8.69,400
2026-04-10 09:30:04.580,20260410,93004580,000009.SZ,1148495,2,0,8.68,5000
2026-04-10 09:30:04.640,20260410,93004640,000009.SZ,1150111,2,0,8.77,500
2026-04-10 09:30:04.710,20260410,93004710,000009.SZ,1153309,1,0,8.7,1000
2026-04-10 09:30:04.730,20260410,93004730,000009.SZ,1155081,2,0,8.99,1000
2026-04-10 09:30:04.810,20260410,93004810,000009.SZ,1160009,2,0,9.33,3000
2026-04-10 09:30:04.820,20260410,93004820,000009.SZ,1160936,1,0,8.69,100
2026-04-10 09:30:04.830,20260410,93004830,000009.SZ,1161604,1,0,8.53,25800
2026-04-10 09:30:05.020,20260410,93005020,000009.SZ,1169095,1,0,8.63,300
2026-04-10 09:30:05.160,20260410,93005160,000009.SZ,1173402,1,0,8.55,500
2026-04-10 09:30:05.190,20260410,93005190,000009.SZ,1174510,2,0,9.38,1000
2026-04-10 09:30:05.250,20260410,93005250,000009.SZ,1176214,1,0,8.63,300
2026-04-10 09:30:05.320,20260410,93005320,000009.SZ,1178609,2,0,9.5,500
2026-04-10 09:30:05.330,20260410,93005330,000009.SZ,1179062,1,0,8.71,3000
2026-04-10 09:30:05.420,20260410,93005420,000009.SZ,1181662,2,0,8.99,2200
2026-04-10 09:30:05.560,20260410,93005560,000009.SZ,1186152,1,0,8.63,4200
2026-04-10 09:30:05.710,20260410,93005710,000009.SZ,1189637,2,0,9.5,4200
2026-04-10 09:30:05.810,20260410,93005810,000009.SZ,1194087,1,0,8.45,86400
2026-04-10 09:30:05.890,20260410,93005890,000009.SZ,1197305,1,0,8.71,500
2026-04-10 09:30:06.050,20260410,93006050,000009.SZ,1201327,2,1,0.0,400
2026-04-10 09:30:06.090,20260410,93006090,000009.SZ,1202179,1,0,8.6,300
2026-04-10 09:30:06.150,20260410,93006150,000009.SZ,1204441,2,0,8.74,2000
2026-04-10 09:30:06.200,20260410,93006200,000009.SZ,1205558,2,0,8.68,10000
2026-04-10 09:30:06.250,20260410,93006250,000009.SZ,1206678,2,0,8.74,2900
2026-04-10 09:30:06.260,20260410,93006260,000009.SZ,1206827,1,0,8.71,100
2026-04-10 09:30:06.270,20260410,93006270,000009.SZ,1207023,1,0,8.73,100
2026-04-10 09:30:06.270,20260410,93006270,000009.SZ,1207087,2,0,9.53,500
2026-04-10 09:30:06.280,20260410,93006280,000009.SZ,1207229,2,0,8.72,300
2026-04-10 09:30:06.370,20260410,93006370,000009.SZ,1212257,1,0,8.71,400
2026-04-10 09:30:06.390,20260410,93006390,000009.SZ,1213445,2,0,8.71,200
2026-04-10 09:30:06.440,20260410,93006440,000009.SZ,1216120,2,0,8.9,10100
2026-04-10 09:30:06.500,20260410,93006500,000009.SZ,1218834,2,0,9.0,2200
2026-04-10 09:30:06.610,20260410,93006610,000009.SZ,1224932,2,0,8.72,200
2026-04-10 09:30:06.770,20260410,93006770,000009.SZ,1230462,2,0,9.54,500
2026-04-10 09:30:06.830,20260410,93006830,000009.SZ,1232760,1,0,8.71,1800
2026-04-10 09:30:06.890,20260410,93006890,000009.SZ,1236462,1,0,8.63,19500
2026-04-10 09:30:06.920,20260410,93006920,000009.SZ,1237511,2,0,9.16,1300
2026-04-10 09:30:06.930,20260410,93006930,000009.SZ,1237621,1,0,8.73,100
2026-04-10 09:30:07.130,20260410,93007130,000009.SZ,1242676,2,0,8.73,100
2026-04-10 09:30:07.370,20260410,93007370,000009.SZ,1251081,2,0,9.05,2500
2026-04-10 09:30:07.430,20260410,93007430,000009.SZ,1253449,2,0,9.37,10900
2026-04-10 09:30:07.490,20260410,93007490,000009.SZ,1255958,1,0,8.71,500
2026-04-10 09:30:07.510,20260410,93007510,000009.SZ,1256792,1,0,8.3,2300
2026-04-10 09:30:07.550,20260410,93007550,000009.SZ,1258440,2,0,8.71,200
2026-04-10 09:30:07.600,20260410,93007600,000009.SZ,1259959,2,0,8.92,100
2026-04-10 09:30:07.620,20260410,93007620,000009.SZ,1260555,1,0,8.73,1200
2026-04-10 09:30:07.680,20260410,93007680,000009.SZ,1261386,2,0,9.54,700
2026-04-10 09:30:07.730,20260410,93007730,000009.SZ,1263537,2,0,9.3,2000
2026-04-10 09:30:07.730,20260410,93007730,000009.SZ,1263950,2,0,8.72,300
2026-04-10 09:30:07.770,20260410,93007770,000009.SZ,1265453,2,0,8.86,10000
2026-04-10 09:30:07.790,20260410,93007790,000009.SZ,1266682,1,0,8.76,1700
2026-04-10 09:30:07.810,20260410,93007810,000009.SZ,1267173,2,0,8.73,200
2026-04-10 09:30:07.810,20260410,93007810,000009.SZ,1267464,2,0,8.88,500
2026-04-10 09:30:07.930,20260410,93007930,000009.SZ,1270522,2,0,8.73,100
2026-04-10 09:30:07.930,20260410,93007930,000009.SZ,1270552,1,0,8.52,28400
2026-04-10 09:30:07.950,20260410,93007950,000009.SZ,1270947,2,0,8.83,300
2026-04-10 09:30:07.970,20260410,93007970,000009.SZ,1271183,1,0,8.65,500
2026-04-10 09:30:08.220,20260410,93008220,000009.SZ,1276031,2,0,8.73,2900
2026-04-10 09:30:08.490,20260410,93008490,000009.SZ,1280740,1,0,8.4,5000
2026-04-10 09:30:08.680,20260410,93008680,000009.SZ,1283760,1,0,8.7,30000
2026-04-10 09:30:08.770,20260410,93008770,000009.SZ,1285688,1,0,8.83,100
2026-04-10 09:30:08.820,20260410,93008820,000009.SZ,1286934,2,0,8.8,500
2026-04-10 09:30:09.160,20260410,93009160,000009.SZ,1293092,2,0,8.71,200
2026-04-10 09:30:09.190,20260410,93009190,000009.SZ,1293636,2,0,8.71,200
2026-04-10 09:30:09.200,20260410,93009200,000009.SZ,1293917,1,0,8.73,100
2026-04-10 09:30:09.210,20260410,93009210,000009.SZ,1294137,1,0,8.73,100
2026-04-10 09:30:09.210,20260410,93009210,000009.SZ,1294151,1,0,8.73,300
2026-04-10 09:30:09.270,20260410,93009270,000009.SZ,1296189,2,0,8.72,100
2026-04-10 09:30:09.560,20260410,93009560,000009.SZ,1306076,2,0,8.58,200
2026-04-10 09:30:09.570,20260410,93009570,000009.SZ,1306684,2,0,8.95,200
2026-04-10 09:30:09.690,20260410,93009690,000009.SZ,1309230,1,0,8.71,5700
2026-04-10 09:30:09.700,20260410,93009700,000009.SZ,1309408,2,0,8.7,1200
2026-04-10 09:30:09.800,20260410,93009800,000009.SZ,1313079,2,0,9.38,1000
2026-04-10 09:30:09.830,20260410,93009830,000009.SZ,1314255,2,0,8.8,600
2026-04-10 09:30:10.390,20260410,93010390,000009.SZ,1327257,2,0,9.11,2000
2026-04-10 09:30:10.470,20260410,93010470,000009.SZ,1329509,2,2,0.0,200
2026-04-10 09:30:10.620,20260410,93010620,000009.SZ,1334995,2,0,8.71,300
2026-04-10 09:30:10.720,20260410,93010720,000009.SZ,1336934,2,0,8.73,200
2026-04-10 09:30:10.880,20260410,93010880,000009.SZ,1341231,2,0,8.88,2000
2026-04-10 09:30:10.910,20260410,93010910,000009.SZ,1341786,1,0,8.75,600
2026-04-10 09:30:11.290,20260410,93011290,000009.SZ,1347822,2,0,8.71,300
2026-04-10 09:30:11.600,20260410,93011600,000009.SZ,1352604,1,0,8.71,1000
2026-04-10 09:30:11.720,20260410,93011720,000009.SZ,1354155,1,0,8.51,300
2026-04-10 09:30:11.830,20260410,93011830,000009.SZ,1355604,2,0,8.85,12000
2026-04-10 09:30:12.350,20260410,93012350,000009.SZ,1366198,2,0,8.71,8400
2026-04-10 09:30:12.360,20260410,93012360,000009.SZ,1366504,2,0,8.85,5800
2026-04-10 09:30:12.440,20260410,93012440,000009.SZ,1368438,1,0,8.71,1900
2026-04-10 09:30:12.440,20260410,93012440,000009.SZ,1368457,1,0,8.71,1900
2026-04-10 09:30:12.640,20260410,93012640,000009.SZ,1374046,1,0,8.71,100
2026-04-10 09:30:13.100,20260410,93013100,000009.SZ,1385195,2,0,9.0,10000
2026-04-10 09:30:13.620,20260410,93013620,000009.SZ,1399556,2,0,8.73,2800
2026-04-10 09:30:13.660,20260410,93013660,000009.SZ,1400034,1,0,8.68,100
2026-04-10 09:30:13.880,20260410,93013880,000009.SZ,1406137,2,0,8.71,300
2026-04-10 09:30:14.220,20260410,93014220,000009.SZ,1411592,2,0,8.71,300
2026-04-10 09:30:14.280,20260410,93014280,000009.SZ,1412785,2,2,0.0,200
2026-04-10 09:30:14.480,20260410,93014480,000009.SZ,1415546,2,0,8.73,7500
2026-04-10 09:30:14.560,20260410,93014560,000009.SZ,1416786,2,0,8.74,30000
2026-04-10 09:30:14.640,20260410,93014640,000009.SZ,1417969,1,0,8.71,700
2026-04-10 09:30:15.150,20260410,93015150,000009.SZ,1424820,2,0,8.71,200
2026-04-10 09:30:15.180,20260410,93015180,000009.SZ,1426760,1,0,8.72,1800
2026-04-10 09:30:15.220,20260410,93015220,000009.SZ,1428406,2,0,8.71,100
2026-04-10 09:30:15.220,20260410,93015220,000009.SZ,1428408,2,0,8.71,200
2026-04-10 09:30:15.220,20260410,93015220,000009.SZ,1428438,2,0,8.71,200
2026-04-10 09:30:15.220,20260410,93015220,000009.SZ,1428458,2,0,8.71,600
2026-04-10 09:30:15.220,20260410,93015220,000009.SZ,1428465,2,0,8.71,500
2026-04-10 09:30:15.220,20260410,93015220,000009.SZ,1428483,2,0,8.71,100
2026-04-10 09:30:15.220,20260410,93015220,000009.SZ,1428498,2,0,8.71,100
2026-04-10 09:30:15.220,20260410,93015220,000009.SZ,1428511,2,0,8.71,100
2026-04-10 09:30:15.220,20260410,93015220,000009.SZ,1428515,2,0,8.71,700
2026-04-10 09:30:15.220,20260410,93015220,000009.SZ,1428536,2,0,8.71,100
2026-04-10 09:30:15.220,20260410,93015220,000009.SZ,1428553,2,0,8.71,200
2026-04-10 09:30:15.220,20260410,93015220,000009.SZ,1428574,2,0,8.71,200
2026-04-10 09:30:15.220,20260410,93015220,000009.SZ,1428636,2,0,8.71,300
2026-04-10 09:30:15.220,20260410,93015220,000009.SZ,1428639,2,0,8.71,400
2026-04-10 09:30:15.220,20260410,93015220,000009.SZ,1428742,2,0,8.71,200
2026-04-10 09:30:15.220,20260410,93015220,000009.SZ,1428748,2,0,8.71,400
2026-04-10 09:30:15.220,20260410,93015220,000009.SZ,1428750,2,0,8.71,400
2026-04-10 09:30:15.230,20260410,93015230,000009.SZ,1428800,2,0,8.71,1100
2026-04-10 09:30:15.230,20260410,93015230,000009.SZ,1428806,2,0,8.71,800
2026-04-10 09:30:15.230,20260410,93015230,000009.SZ,1428833,2,0,8.71,100
2026-04-10 09:30:15.230,20260410,93015230,000009.SZ,1428919,2,0,8.71,200
2026-04-10 09:30:15.230,20260410,93015230,000009.SZ,1428994,2,0,8.71,200
2026-04-10 09:30:15.300,20260410,93015300,000009.SZ,1430352,2,0,8.72,600
2026-04-10 09:30:15.550,20260410,93015550,000009.SZ,1436519,2,0,8.72,400
2026-04-10 09:30:16.210,20260410,93016210,000009.SZ,1450717,2,0,8.71,300
2026-04-10 09:30:16.590,20260410,93016590,000009.SZ,1459169,1,0,8.71,700
2026-04-10 09:30:17.120,20260410,93017120,000009.SZ,1470041,2,0,8.72,400
2026-04-10 09:30:17.540,20260410,93017540,000009.SZ,1475520,1,0,8.72,900
2026-04-10 09:30:17.550,20260410,93017550,000009.SZ,1475571,1,0,8.72,900
2026-04-10 09:30:17.590,20260410,93017590,000009.SZ,1476090,1,0,8.72,900
2026-04-10 09:30:18.050,20260410,93018050,000009.SZ,1481577,2,0,9.01,2000
2026-04-10 09:30:18.210,20260410,93018210,000009.SZ,1484247,2,0,8.75,200
2026-04-10 09:30:18.210,20260410,93018210,000009.SZ,1484264,2,0,8.74,100
2026-04-10 09:30:18.320,20260410,93018320,000009.SZ,1487758,1,0,8.72,100
2026-04-10 09:30:18.360,20260410,93018360,000009.SZ,1489151,1,0,8.73,100
2026-04-10 09:30:18.370,20260410,93018370,000009.SZ,1489360,1,0,8.71,300
2026-04-10 09:30:18.890,20260410,93018890,000009.SZ,1503236,1,0,8.72,400
2026-04-10 09:30:18.900,20260410,93018900,000009.SZ,1503404,1,0,8.71,100
2026-04-10 09:30:18.990,20260410,93018990,000009.SZ,1504648,2,0,9.11,1000
2026-04-10 09:30:19.050,20260410,93019050,000009.SZ,1505417,2,0,8.73,1400
2026-04-10 09:30:19.400,20260410,93019400,000009.SZ,1512773,1,0,8.53,6000
2026-04-10 09:30:19.640,20260410,93019640,000009.SZ,1518387,2,0,8.9,1000
2026-04-10 09:30:19.780,20260410,93019780,000009.SZ,1522155,1,0,8.72,1600
2026-04-10 09:30:19.950,20260410,93019950,000009.SZ,1524547,2,0,8.98,500
2026-04-10 09:30:20.030,20260410,93020030,000009.SZ,1525497,2,0,9.3,100
2026-04-10 09:30:20.080,20260410,93020080,000009.SZ,1526315,1,0,8.71,700
2026-04-10 09:30:20.290,20260410,93020290,000009.SZ,1528990,2,0,8.99,300
2026-04-10 09:30:20.430,20260410,93020430,000009.SZ,1531003,2,0,9.54,500
2026-04-10 09:30:20.530,20260410,93020530,000009.SZ,1532400,2,0,8.73,5000
2026-04-10 09:30:21.150,20260410,93021150,000009.SZ,1540922,2,0,8.73,100
2026-04-10 09:30:21.150,20260410,93021150,000009.SZ,1540945,2,0,8.73,300
2026-04-10 09:30:21.240,20260410,93021240,000009.SZ,1544396,2,0,8.72,3200
2026-04-10 09:30:21.910,20260410,93021910,000009.SZ,1559059,2,0,8.73,5000
2026-04-10 09:30:22.900,20260410,93022900,000009.SZ,1578693,2,0,9.22,1000
2026-04-10 09:30:22.980,20260410,93022980,000009.SZ,1579734,1,0,8.72,700
2026-04-10 09:30:23.120,20260410,93023120,000009.SZ,1581525,1,0,8.71,1000
2026-04-10 09:30:24.210,20260410,93024210,000009.SZ,1595746,2,0,8.72,300
2026-04-10 09:30:24.280,20260410,93024280,000009.SZ,1597715,2,0,8.74,200
2026-04-10 09:30:24.490,20260410,93024490,000009.SZ,1603772,2,2,0.0,200
2026-04-10 09:30:24.550,20260410,93024550,000009.SZ,1604769,2,0,8.86,500
2026-04-10 09:30:24.640,20260410,93024640,000009.SZ,1607633,2,0,8.67,100
2026-04-10 09:30:24.670,20260410,93024670,000009.SZ,1608381,1,0,8.71,700
2026-04-10 09:30:24.790,20260410,93024790,000009.SZ,1610880,2,0,8.84,12000
2026-04-10 09:30:24.800,20260410,93024800,000009.SZ,1611019,2,0,9.0,1000
2026-04-10 09:30:25.560,20260410,93025560,000009.SZ,1626589,2,0,8.74,2000
2026-04-10 09:30:25.590,20260410,93025590,000009.SZ,1626949,1,0,8.73,9600
2026-04-10 09:30:25.800,20260410,93025800,000009.SZ,1631572,2,0,9.17,5000
2026-04-10 09:30:26.200,20260410,93026200,000009.SZ,1637204,2,0,8.72,100
2026-04-10 09:30:26.310,20260410,93026310,000009.SZ,1638532,1,0,8.58,20000
2026-04-10 09:30:26.380,20260410,93026380,000009.SZ,1639404,2,0,9.33,1000
2026-04-10 09:30:27.150,20260410,93027150,000009.SZ,1649898,1,0,8.72,100
2026-04-10 09:30:27.150,20260410,93027150,000009.SZ,1649900,1,0,8.72,100
2026-04-10 09:30:27.150,20260410,93027150,000009.SZ,1649903,1,0,8.72,100
2026-04-10 09:30:27.160,20260410,93027160,000009.SZ,1649947,1,0,8.46,45600
2026-04-10 09:30:27.200,20260410,93027200,000009.SZ,1652014,1,0,8.72,100
2026-04-10 09:30:27.200,20260410,93027200,000009.SZ,1652147,1,0,8.72,100
2026-04-10 09:30:27.530,20260410,93027530,000009.SZ,1658217,1,0,8.72,400
2026-04-10 09:30:27.750,20260410,93027750,000009.SZ,1663427,2,0,9.54,5000
2026-04-10 09:30:28.360,20260410,93028360,000009.SZ,1674608,2,0,8.78,2000
2026-04-10 09:30:29.000,20260410,93029000,000009.SZ,1685520,2,0,9.24,3000
2026-04-10 09:30:29.200,20260410,93029200,000009.SZ,1688175,2,0,8.73,100
2026-04-10 09:30:29.200,20260410,93029200,000009.SZ,1688290,2,0,8.77,1000
2026-04-10 09:30:30.290,20260410,93030290,000009.SZ,1704719,2,0,8.72,18800
2026-04-10 09:30:30.470,20260410,93030470,000009.SZ,1708554,2,0,9.44,1000
2026-04-10 09:30:30.610,20260410,93030610,000009.SZ,1711264,1,0,8.78,100
2026-04-10 09:30:31.570,20260410,93031570,000009.SZ,1732398,2,0,8.72,1400
2026-04-10 09:30:31.630,20260410,93031630,000009.SZ,1733249,2,0,8.79,10000
2026-04-10 09:30:32.530,20260410,93032530,000009.SZ,1746175,1,0,8.71,2000
2026-04-10 09:30:32.590,20260410,93032590,000009.SZ,1746719,2,0,8.76,1000
2026-04-10 09:30:32.620,20260410,93032620,000009.SZ,1747115,1,0,8.71,700
2026-04-10 09:30:32.740,20260410,93032740,000009.SZ,1748581,1,0,8.7,400
2026-04-10 09:30:32.810,20260410,93032810,000009.SZ,1749395,1,0,8.71,100
2026-04-10 09:30:33.180,20260410,93033180,000009.SZ,1753767,2,0,8.72,100
2026-04-10 09:30:33.380,20260410,93033380,000009.SZ,1760536,2,0,8.73,1500
2026-04-10 09:30:33.780,20260410,93033780,000009.SZ,1769861,1,0,8.7,1000
2026-04-10 09:30:33.870,20260410,93033870,000009.SZ,1771914,1,0,8.5,10000
2026-04-10 09:30:33.980,20260410,93033980,000009.SZ,1773838,1,0,8.77,200
2026-04-10 09:30:34.050,20260410,93034050,000009.SZ,1775263,1,0,8.61,300
2026-04-10 09:30:34.210,20260410,93034210,000009.SZ,1777216,1,0,8.72,100
2026-04-10 09:30:34.770,20260410,93034770,000009.SZ,1790239,2,0,8.88,35400
2026-04-10 09:30:35.150,20260410,93035150,000009.SZ,1795450,2,0,9.54,300
2026-04-10 09:30:35.230,20260410,93035230,000009.SZ,1796640,2,0,8.73,1000
2026-04-10 09:30:35.280,20260410,93035280,000009.SZ,1797342,2,0,8.85,1000
2026-04-10 09:30:35.630,20260410,93035630,000009.SZ,1801680,2,0,8.75,20000
2026-04-10 09:30:35.890,20260410,93035890,000009.SZ,1804624,2,0,8.91,500
2026-04-10 09:30:35.910,20260410,93035910,000009.SZ,1804811,2,0,8.96,400
2026-04-10 09:30:36.130,20260410,93036130,000009.SZ,1807528,1,0,8.71,200
2026-04-10 09:30:36.170,20260410,93036170,000009.SZ,1808547,1,0,8.72,1900
2026-04-10 09:30:36.410,20260410,93036410,000009.SZ,1813894,1,0,8.72,100
2026-04-10 09:30:36.490,20260410,93036490,000009.SZ,1815711,2,0,8.71,3300
2026-04-10 09:30:36.780,20260410,93036780,000009.SZ,1821914,2,2,0.0,200
2026-04-10 09:30:37.310,20260410,93037310,000009.SZ,1830552,1,0,8.66,200
2026-04-10 09:30:37.640,20260410,93037640,000009.SZ,1836787,1,0,8.71,30000
2026-04-10 09:30:37.870,20260410,93037870,000009.SZ,1840209,1,0,8.72,2600
2026-04-10 09:30:38.030,20260410,93038030,000009.SZ,1842266,2,0,8.73,5000
2026-04-10 09:30:39.150,20260410,93039150,000009.SZ,1855653,1,0,8.72,4500
2026-04-10 09:30:39.150,20260410,93039150,000009.SZ,1855790,1,0,8.72,1700
2026-04-10 09:30:39.150,20260410,93039150,000009.SZ,1855823,1,0,8.71,100
2026-04-10 09:30:39.780,20260410,93039780,000009.SZ,1869521,2,0,8.71,300
2026-04-10 09:30:39.830,20260410,93039830,000009.SZ,1870353,1,0,8.71,6000
2026-04-10 09:30:40.060,20260410,93040060,000009.SZ,1873058,1,0,8.71,1800
2026-04-10 09:30:40.070,20260410,93040070,000009.SZ,1873152,2,0,8.72,500
2026-04-10 09:30:41.050,20260410,93041050,000009.SZ,1890903,2,0,8.78,200
2026-04-10 09:30:41.190,20260410,93041190,000009.SZ,1892926,1,0,8.71,100
2026-04-10 09:30:41.270,20260410,93041270,000009.SZ,1894354,2,0,8.78,400
2026-04-10 09:30:41.440,20260410,93041440,000009.SZ,1896988,1,0,8.71,100
2026-04-10 09:30:41.440,20260410,93041440,000009.SZ,1897053,1,0,8.71,100
2026-04-10 09:30:41.510,20260410,93041510,000009.SZ,1898211,1,0,8.71,100
2026-04-10 09:30:41.520,20260410,93041520,000009.SZ,1898304,2,0,8.86,2000
2026-04-10 09:30:42.150,20260410,93042150,000009.SZ,1906575,1,0,8.72,100
2026-04-10 09:30:42.150,20260410,93042150,000009.SZ,1906580,1,0,8.72,100
2026-04-10 09:30:42.150,20260410,93042150,000009.SZ,1906588,1,0,8.72,600
2026-04-10 09:30:42.150,20260410,93042150,000009.SZ,1906606,1,0,8.72,300
2026-04-10 09:30:42.150,20260410,93042150,000009.SZ,1906623,1,0,8.72,100
2026-04-10 09:30:42.150,20260410,93042150,000009.SZ,1906626,1,0,8.72,200
2026-04-10 09:30:42.150,20260410,93042150,000009.SZ,1906630,1,0,8.72,100
2026-04-10 09:30:42.150,20260410,93042150,000009.SZ,1906634,1,0,8.72,100
2026-04-10 09:30:42.150,20260410,93042150,000009.SZ,1906744,1,0,8.72,300
2026-04-10 09:30:42.150,20260410,93042150,000009.SZ,1906846,1,0,8.72,200
2026-04-10 09:30:42.150,20260410,93042150,000009.SZ,1906858,1,0,8.72,200
2026-04-10 09:30:42.150,20260410,93042150,000009.SZ,1906930,1,0,8.72,300
2026-04-10 09:30:42.170,20260410,93042170,000009.SZ,1907436,1,0,8.72,1200
2026-04-10 09:30:42.170,20260410,93042170,000009.SZ,1907604,1,0,8.72,200
2026-04-10 09:30:42.340,20260410,93042340,000009.SZ,1911536,2,0,8.73,1500
2026-04-10 09:30:42.470,20260410,93042470,000009.SZ,1914418,1,0,8.76,100
2026-04-10 09:30:42.610,20260410,93042610,000009.SZ,1916496,1,0,8.72,400
2026-04-10 09:30:42.610,20260410,93042610,000009.SZ,1916504,1,0,8.72,100
2026-04-10 09:30:42.610,20260410,93042610,000009.SZ,1916526,1,0,8.72,200
2026-04-10 09:30:43.020,20260410,93043020,000009.SZ,1924707,2,0,8.72,10100
2026-04-10 09:30:43.330,20260410,93043330,000009.SZ,1930602,2,0,8.75,2000
2026-04-10 09:30:44.390,20260410,93044390,000009.SZ,1945510,2,0,8.72,1300
2026-04-10 09:30:44.570,20260410,93044570,000009.SZ,1947883,2,0,8.7,1400
2026-04-10 09:30:45.190,20260410,93045190,000009.SZ,1955007,1,0,8.72,100
2026-04-10 09:30:45.200,20260410,93045200,000009.SZ,1955102,1,0,8.72,100
2026-04-10 09:30:45.260,20260410,93045260,000009.SZ,1955954,1,0,8.72,100
2026-04-10 09:30:45.260,20260410,93045260,000009.SZ,1955957,1,0,8.72,300
2026-04-10 09:30:45.260,20260410,93045260,000009.SZ,1955959,1,0,8.72,100
