timestamp,date,stamp,code,order_no,bs_flag,order_type,order_price,order_volume
2026-03-11 09:15:00.040,20260311,91500040,000009.SZ,1566,2,0,9.48,2700
2026-03-11 09:15:00.040,20260311,91500040,000009.SZ,1991,2,0,10.1,10000
2026-03-11 09:15:00.040,20260311,91500040,000009.SZ,2293,1,0,9.16,500
2026-03-11 09:15:00.040,20260311,91500040,000009.SZ,2294,1,0,9.15,500
2026-03-11 09:15:00.040,20260311,91500040,000009.SZ,2295,1,0,9.13,1000
2026-03-11 09:15:00.040,20260311,91500040,000009.SZ,2296,1,0,9.11,1000
2026-03-11 09:15:00.040,20260311,91500040,000009.SZ,2297,1,0,9.11,1000
2026-03-11 09:15:00.040,20260311,91500040,000009.SZ,2298,1,0,9.1,1000
2026-03-11 09:15:00.040,20260311,91500040,000009.SZ,2299,1,0,9.1,1000
2026-03-11 09:15:00.040,20260311,91500040,000009.SZ,2300,1,0,9.1,1000
2026-03-11 09:15:00.040,20260311,91500040,000009.SZ,2339,2,0,9.53,500
2026-03-11 09:15:00.040,20260311,91500040,000009.SZ,3129,2,0,9.45,3000
2026-03-11 09:15:00.040,20260311,91500040,000009.SZ,4542,2,0,8.27,8400
2026-03-11 09:15:00.050,20260311,91500050,000009.SZ,5387,1,0,9.18,400
2026-03-11 09:15:00.050,20260311,91500050,000009.SZ,6624,2,0,9.35,600
2026-03-11 09:15:00.050,20260311,91500050,000009.SZ,6628,2,0,9.4,600
2026-03-11 09:15:00.050,20260311,91500050,000009.SZ,6630,2,0,9.45,600
2026-03-11 09:15:00.050,20260311,91500050,000009.SZ,6633,2,0,9.5,600
2026-03-11 09:15:00.050,20260311,91500050,000009.SZ,7092,1,0,8.99,500
2026-03-11 09:15:00.050,20260311,91500050,000009.SZ,7241,2,0,9.56,1100
2026-03-11 09:15:00.050,20260311,91500050,000009.SZ,7392,2,0,10.1,1000
2026-03-11 09:15:00.050,20260311,91500050,000009.SZ,7656,2,0,10.05,100
2026-03-11 09:15:00.050,20260311,91500050,000009.SZ,7670,2,0,10.0,400
2026-03-11 09:15:00.050,20260311,91500050,000009.SZ,7744,2,0,9.8,100
2026-03-11 09:15:00.060,20260311,91500060,000009.SZ,9148,2,0,10.09,25100
2026-03-11 09:15:00.060,20260311,91500060,000009.SZ,9514,2,0,9.44,1000
2026-03-11 09:15:00.060,20260311,91500060,000009.SZ,9539,2,0,9.7,100
2026-03-11 09:15:00.060,20260311,91500060,000009.SZ,10095,2,0,10.1,5000
2026-03-11 09:15:00.060,20260311,91500060,000009.SZ,10481,2,0,9.38,1800
2026-03-11 09:15:00.060,20260311,91500060,000009.SZ,11786,2,0,9.7,500
2026-03-11 09:15:00.060,20260311,91500060,000009.SZ,12345,2,0,9.8,500
2026-03-11 09:15:00.060,20260311,91500060,000009.SZ,12417,2,0,10.1,100
2026-03-11 09:15:00.060,20260311,91500060,000009.SZ,12418,2,0,9.99,100
2026-03-11 09:15:00.060,20260311,91500060,000009.SZ,12419,2,0,9.89,100
2026-03-11 09:15:00.060,20260311,91500060,000009.SZ,12420,2,0,9.79,100
2026-03-11 09:15:00.060,20260311,91500060,000009.SZ,12796,2,0,9.2,21700
2026-03-11 09:15:00.060,20260311,91500060,000009.SZ,13127,1,0,8.6,200
2026-03-11 09:15:00.060,20260311,91500060,000009.SZ,13680,2,0,9.6,500
2026-03-11 09:15:00.070,20260311,91500070,000009.SZ,14596,1,0,8.82,300
2026-03-11 09:15:00.070,20260311,91500070,000009.SZ,15125,2,0,9.42,1000
2026-03-11 09:15:00.070,20260311,91500070,000009.SZ,15199,2,0,9.6,1000
2026-03-11 09:15:00.070,20260311,91500070,000009.SZ,15267,2,0,9.77,1000
2026-03-11 09:15:00.070,20260311,91500070,000009.SZ,16476,2,0,10.1,1000
2026-03-11 09:15:00.070,20260311,91500070,000009.SZ,17313,2,0,9.26,1500
2026-03-11 09:15:00.070,20260311,91500070,000009.SZ,17314,2,0,9.36,1000
2026-03-11 09:15:00.070,20260311,91500070,000009.SZ,17327,2,0,9.46,1000
2026-03-11 09:15:00.070,20260311,91500070,000009.SZ,17607,2,0,9.66,100
2026-03-11 09:15:00.070,20260311,91500070,000009.SZ,18507,1,0,9.1,1000
2026-03-11 09:15:00.070,20260311,91500070,000009.SZ,18508,2,0,9.35,1000
2026-03-11 09:15:00.080,20260311,91500080,000009.SZ,19318,2,0,10.01,1000
2026-03-11 09:15:00.080,20260311,91500080,000009.SZ,19494,2,0,9.31,4000
2026-03-11 09:15:00.080,20260311,91500080,000009.SZ,19673,2,0,9.56,6100
2026-03-11 09:15:00.080,20260311,91500080,000009.SZ,20853,2,0,9.19,10000
2026-03-11 09:15:00.090,20260311,91500090,000009.SZ,22838,2,0,9.99,2000
2026-03-11 09:15:00.090,20260311,91500090,000009.SZ,23018,1,0,9.12,1000
2026-03-11 09:15:00.090,20260311,91500090,000009.SZ,24555,2,0,10.01,300
2026-03-11 09:15:00.090,20260311,91500090,000009.SZ,25058,1,0,8.75,800
2026-03-11 09:15:00.090,20260311,91500090,000009.SZ,25059,2,0,9.65,2000
2026-03-11 09:15:00.090,20260311,91500090,000009.SZ,25883,2,0,9.75,300
2026-03-11 09:15:00.090,20260311,91500090,000009.SZ,25886,2,0,9.62,800
2026-03-11 09:15:00.090,20260311,91500090,000009.SZ,25944,1,0,8.8,200
2026-03-11 09:15:00.090,20260311,91500090,000009.SZ,26006,2,0,10.1,200
2026-03-11 09:15:00.100,20260311,91500100,000009.SZ,27558,2,0,10.05,200
2026-03-11 09:15:00.100,20260311,91500100,000009.SZ,28040,2,0,9.56,13900
2026-03-11 09:15:00.100,20260311,91500100,000009.SZ,28541,2,0,9.55,100
2026-03-11 09:15:00.100,20260311,91500100,000009.SZ,28715,2,0,9.22,2300
2026-03-11 09:15:00.100,20260311,91500100,000009.SZ,29113,2,0,10.0,200
2026-03-11 09:15:00.100,20260311,91500100,000009.SZ,30469,2,0,9.65,6000
2026-03-11 09:15:00.100,20260311,91500100,000009.SZ,30866,2,0,10.09,1000
2026-03-11 09:15:00.110,20260311,91500110,000009.SZ,31365,1,0,8.3,100
2026-03-11 09:15:00.110,20260311,91500110,000009.SZ,31732,2,0,9.28,500
2026-03-11 09:15:00.110,20260311,91500110,000009.SZ,32988,1,0,8.75,600
2026-03-11 09:15:00.110,20260311,91500110,000009.SZ,33077,2,0,10.1,5000
2026-03-11 09:15:00.110,20260311,91500110,000009.SZ,33159,2,0,9.49,3500
2026-03-11 09:15:00.110,20260311,91500110,000009.SZ,33160,2,0,9.59,4000
2026-03-11 09:15:00.110,20260311,91500110,000009.SZ,33161,2,0,9.69,8000
2026-03-11 09:15:00.110,20260311,91500110,000009.SZ,33162,2,0,9.79,8000
2026-03-11 09:15:00.110,20260311,91500110,000009.SZ,33163,2,0,10.1,2000
2026-03-11 09:15:00.110,20260311,91500110,000009.SZ,33495,2,0,9.49,3900
2026-03-11 09:15:00.110,20260311,91500110,000009.SZ,33497,2,0,9.59,4000
2026-03-11 09:15:00.110,20260311,91500110,000009.SZ,33498,2,0,9.69,4000
2026-03-11 09:15:00.110,20260311,91500110,000009.SZ,33499,2,0,9.79,12000
2026-03-11 09:15:00.110,20260311,91500110,000009.SZ,33500,2,0,10.1,2000
2026-03-11 09:15:00.110,20260311,91500110,000009.SZ,33507,2,0,9.49,10000
2026-03-11 09:15:00.110,20260311,91500110,000009.SZ,33508,2,0,9.59,10000
2026-03-11 09:15:00.110,20260311,91500110,000009.SZ,33509,2,0,9.69,20000
2026-03-11 09:15:00.110,20260311,91500110,000009.SZ,33510,2,0,9.79,40000
2026-03-11 09:15:00.110,20260311,91500110,000009.SZ,33511,2,0,9.95,2000
2026-03-11 09:15:00.110,20260311,91500110,000009.SZ,33512,2,0,10.1,2000
2026-03-11 09:15:00.110,20260311,91500110,000009.SZ,34010,2,0,10.1,74700
2026-03-11 09:15:00.110,20260311,91500110,000009.SZ,35545,2,0,9.53,2000
2026-03-11 09:15:00.110,20260311,91500110,000009.SZ,35812,1,0,9.18,200
2026-03-11 09:15:00.120,20260311,91500120,000009.SZ,36794,2,0,9.49,8000
2026-03-11 09:15:00.120,20260311,91500120,000009.SZ,36795,2,0,9.59,8000
2026-03-11 09:15:00.120,20260311,91500120,000009.SZ,36801,2,0,9.69,8000
2026-03-11 09:15:00.120,20260311,91500120,000009.SZ,36812,2,0,9.79,12000
2026-03-11 09:15:00.120,20260311,91500120,000009.SZ,36814,2,0,9.95,2000
2026-03-11 09:15:00.120,20260311,91500120,000009.SZ,36815,2,0,10.1,2000
2026-03-11 09:15:00.120,20260311,91500120,000009.SZ,36843,2,0,9.49,10000
2026-03-11 09:15:00.120,20260311,91500120,000009.SZ,36844,2,0,9.59,10000
2026-03-11 09:15:00.120,20260311,91500120,000009.SZ,36850,2,0,9.69,20000
2026-03-11 09:15:00.120,20260311,91500120,000009.SZ,36959,2,0,9.79,30000
2026-03-11 09:15:00.120,20260311,91500120,000009.SZ,36961,2,0,9.95,2000
2026-03-11 09:15:00.120,20260311,91500120,000009.SZ,36968,2,0,10.1,2000
2026-03-11 09:15:00.120,20260311,91500120,000009.SZ,38434,2,0,10.1,100
2026-03-11 09:15:00.130,20260311,91500130,000009.SZ,40861,1,0,8.65,1100
2026-03-11 09:15:00.130,20260311,91500130,000009.SZ,41606,2,0,9.97,106
2026-03-11 09:15:00.130,20260311,91500130,000009.SZ,41656,1,0,8.51,100
2026-03-11 09:15:00.130,20260311,91500130,000009.SZ,42903,2,0,10.08,600
2026-03-11 09:15:00.130,20260311,91500130,000009.SZ,42947,2,0,9.75,12000
2026-03-11 09:15:00.130,20260311,91500130,000009.SZ,42951,2,0,9.7,12200
2026-03-11 09:15:00.130,20260311,91500130,000009.SZ,43219,2,0,9.39,500
2026-03-11 09:15:00.130,20260311,91500130,000009.SZ,43935,2,0,10.09,500
2026-03-11 09:15:00.130,20260311,91500130,000009.SZ,44198,1,0,8.95,30000
2026-03-11 09:15:00.130,20260311,91500130,000009.SZ,44876,2,0,9.74,300
2026-03-11 09:15:00.130,20260311,91500130,000009.SZ,45025,1,0,8.8,200
2026-03-11 09:15:00.130,20260311,91500130,000009.SZ,45142,1,0,8.81,5200
2026-03-11 09:15:00.140,20260311,91500140,000009.SZ,46222,2,0,10.09,1000
2026-03-11 09:15:00.140,20260311,91500140,000009.SZ,47755,2,0,9.45,200
2026-03-11 09:15:00.140,20260311,91500140,000009.SZ,47951,2,0,9.61,1000
2026-03-11 09:15:00.140,20260311,91500140,000009.SZ,48208,2,0,9.94,1600
2026-03-11 09:15:00.140,20260311,91500140,000009.SZ,48323,1,0,8.81,1000
2026-03-11 09:15:00.140,20260311,91500140,000009.SZ,48384,2,0,9.5,2000
2026-03-11 09:15:00.140,20260311,91500140,000009.SZ,48539,1,0,8.91,10000
2026-03-11 09:15:00.140,20260311,91500140,000009.SZ,48561,2,0,10.1,5000
2026-03-11 09:15:00.140,20260311,91500140,000009.SZ,48801,2,0,9.5,6000
2026-03-11 09:15:00.140,20260311,91500140,000009.SZ,49298,2,0,9.9,800
2026-03-11 09:15:00.140,20260311,91500140,000009.SZ,49299,2,0,10.0,800
2026-03-11 09:15:00.140,20260311,91500140,000009.SZ,49300,2,0,10.1,900
2026-03-11 09:15:00.140,20260311,91500140,000009.SZ,49463,2,0,9.64,200
2026-03-11 09:15:00.140,20260311,91500140,000009.SZ,49643,2,0,9.48,500
2026-03-11 09:15:00.150,20260311,91500150,000009.SZ,50478,1,0,9.09,2200
2026-03-11 09:15:00.150,20260311,91500150,000009.SZ,51569,2,0,10.01,1000
2026-03-11 09:15:00.150,20260311,91500150,000009.SZ,52461,1,0,9.18,1000
2026-03-11 09:15:00.150,20260311,91500150,000009.SZ,52678,1,0,9.05,1300
2026-03-11 09:15:00.160,20260311,91500160,000009.SZ,54254,2,0,9.39,1600
2026-03-11 09:15:00.160,20260311,91500160,000009.SZ,54302,2,0,9.32,100
2026-03-11 09:15:00.160,20260311,91500160,000009.SZ,54655,2,0,10.1,1000
2026-03-11 09:15:00.160,20260311,91500160,000009.SZ,55594,2,0,9.17,100
2026-03-11 09:15:00.160,20260311,91500160,000009.SZ,55597,2,0,9.17,100
2026-03-11 09:15:00.160,20260311,91500160,000009.SZ,55661,2,0,9.7,20000
2026-03-11 09:15:00.160,20260311,91500160,000009.SZ,55662,2,0,9.8,20000
2026-03-11 09:15:00.160,20260311,91500160,000009.SZ,55663,2,0,9.9,20000
2026-03-11 09:15:00.160,20260311,91500160,000009.SZ,55664,2,0,10.0,10000
2026-03-11 09:15:00.160,20260311,91500160,000009.SZ,55665,2,0,10.1,10000
2026-03-11 09:15:00.160,20260311,91500160,000009.SZ,56740,1,0,8.5,200
2026-03-11 09:15:00.160,20260311,91500160,000009.SZ,57082,2,0,9.9,200
2026-03-11 09:15:00.170,20260311,91500170,000009.SZ,60088,2,0,10.1,2000
2026-03-11 09:15:00.170,20260311,91500170,000009.SZ,60242,2,0,9.29,2000
2026-03-11 09:15:00.170,20260311,91500170,000009.SZ,60243,1,0,8.96,2000
2026-03-11 09:15:00.170,20260311,91500170,000009.SZ,60390,2,0,9.37,1000
2026-03-11 09:15:00.170,20260311,91500170,000009.SZ,60391,2,0,9.7,1000
2026-03-11 09:15:00.180,20260311,91500180,000009.SZ,61614,2,0,10.1,1000
2026-03-11 09:15:00.180,20260311,91500180,000009.SZ,61893,2,0,10.09,100
2026-03-11 09:15:00.180,20260311,91500180,000009.SZ,61894,1,0,8.85,200
2026-03-11 09:15:00.180,20260311,91500180,000009.SZ,62388,2,0,10.08,1000
2026-03-11 09:15:00.180,20260311,91500180,000009.SZ,62465,2,0,10.09,100
2026-03-11 09:15:00.180,20260311,91500180,000009.SZ,63112,1,0,8.7,400
2026-03-11 09:15:00.180,20260311,91500180,000009.SZ,63206,2,0,10.1,1000
2026-03-11 09:15:00.180,20260311,91500180,000009.SZ,63761,2,0,9.48,600
2026-03-11 09:15:00.180,20260311,91500180,000009.SZ,63968,1,0,8.31,300
2026-03-11 09:15:00.180,20260311,91500180,000009.SZ,64083,1,0,8.85,1000
2026-03-11 09:15:00.190,20260311,91500190,000009.SZ,64861,1,0,9.06,1100
2026-03-11 09:15:00.190,20260311,91500190,000009.SZ,64947,2,0,9.65,300
2026-03-11 09:15:00.190,20260311,91500190,000009.SZ,65463,1,0,8.7,400
2026-03-11 09:15:00.190,20260311,91500190,000009.SZ,65470,2,0,10.08,1600
2026-03-11 09:15:00.190,20260311,91500190,000009.SZ,65914,2,0,9.31,300
2026-03-11 09:15:00.190,20260311,91500190,000009.SZ,66075,2,0,9.35,1100
2026-03-11 09:15:00.190,20260311,91500190,000009.SZ,66076,1,0,9.05,600
2026-03-11 09:15:00.190,20260311,91500190,000009.SZ,66111,1,0,9.0,600
2026-03-11 09:15:00.190,20260311,91500190,000009.SZ,66473,2,0,9.64,12500
2026-03-11 09:15:00.190,20260311,91500190,000009.SZ,66811,2,0,9.56,3000
2026-03-11 09:15:00.190,20260311,91500190,000009.SZ,66812,2,0,9.93,1500
2026-03-11 09:15:00.190,20260311,91500190,000009.SZ,66881,1,0,9.0,30000
2026-03-11 09:15:00.190,20260311,91500190,000009.SZ,66986,2,0,9.8,1200
2026-03-11 09:15:00.190,20260311,91500190,000009.SZ,67560,1,0,9.01,200
2026-03-11 09:15:00.190,20260311,91500190,000009.SZ,67802,1,0,8.8,600
2026-03-11 09:15:00.190,20260311,91500190,000009.SZ,67803,1,0,8.52,600
2026-03-11 09:15:00.200,20260311,91500200,000009.SZ,68298,2,0,10.1,600
2026-03-11 09:15:00.200,20260311,91500200,000009.SZ,69366,2,0,10.0,300
2026-03-11 09:15:00.200,20260311,91500200,000009.SZ,69768,1,0,9.0,500
2026-03-11 09:15:00.200,20260311,91500200,000009.SZ,69771,2,0,9.3,500
2026-03-11 09:15:00.200,20260311,91500200,000009.SZ,69772,2,0,9.5,600
2026-03-11 09:15:00.200,20260311,91500200,000009.SZ,69773,2,0,9.6,1000
2026-03-11 09:15:00.200,20260311,91500200,000009.SZ,69775,2,0,9.7,1000
2026-03-11 09:15:00.200,20260311,91500200,000009.SZ,70067,2,0,9.35,1800
2026-03-11 09:15:00.210,20260311,91500210,000009.SZ,71181,2,0,9.56,3500
2026-03-11 09:15:00.210,20260311,91500210,000009.SZ,72295,1,0,9.1,1000
2026-03-11 09:15:00.210,20260311,91500210,000009.SZ,72296,1,0,9.05,800
2026-03-11 09:15:00.210,20260311,91500210,000009.SZ,72453,1,0,8.98,2000
2026-03-11 09:15:00.220,20260311,91500220,000009.SZ,74385,2,0,9.88,6000
2026-03-11 09:15:00.220,20260311,91500220,000009.SZ,74619,2,0,9.4,500
2026-03-11 09:15:00.220,20260311,91500220,000009.SZ,74622,2,0,9.8,1000
2026-03-11 09:15:00.230,20260311,91500230,000009.SZ,77073,2,0,9.6,2800
2026-03-11 09:15:00.230,20260311,91500230,000009.SZ,77490,2,0,10.09,5500
2026-03-11 09:15:00.230,20260311,91500230,000009.SZ,78609,1,0,9.03,100
2026-03-11 09:15:00.230,20260311,91500230,000009.SZ,78908,2,0,9.98,400
2026-03-11 09:15:00.240,20260311,91500240,000009.SZ,79816,2,0,10.08,600
2026-03-11 09:15:00.240,20260311,91500240,000009.SZ,80195,1,0,8.26,2000
2026-03-11 09:15:00.240,20260311,91500240,000009.SZ,80606,2,0,9.59,300
2026-03-11 09:15:00.240,20260311,91500240,000009.SZ,80607,2,0,9.79,300
2026-03-11 09:15:00.250,20260311,91500250,000009.SZ,81885,2,0,10.1,2000
2026-03-11 09:15:00.250,20260311,91500250,000009.SZ,82008,1,0,8.8,600
2026-03-11 09:15:00.250,20260311,91500250,000009.SZ,82647,2,0,9.34,2000
2026-03-11 09:15:00.250,20260311,91500250,000009.SZ,82972,2,0,9.35,200
2026-03-11 09:15:00.250,20260311,91500250,000009.SZ,82990,2,0,9.2,800
2026-03-11 09:15:00.250,20260311,91500250,000009.SZ,82991,2,0,9.33,800
2026-03-11 09:15:00.250,20260311,91500250,000009.SZ,82992,2,0,9.47,800
2026-03-11 09:15:00.260,20260311,91500260,000009.SZ,84764,1,0,8.9,700
2026-03-11 09:15:00.280,20260311,91500280,000009.SZ,87867,2,0,9.4,100
2026-03-11 09:15:00.280,20260311,91500280,000009.SZ,87870,2,0,9.6,100
2026-03-11 09:15:00.280,20260311,91500280,000009.SZ,87873,2,0,10.0,100
2026-03-11 09:15:00.280,20260311,91500280,000009.SZ,87875,2,0,10.1,100
2026-03-11 09:15:00.280,20260311,91500280,000009.SZ,88263,2,0,10.08,300
2026-03-11 09:15:00.280,20260311,91500280,000009.SZ,88396,2,0,9.98,700
2026-03-11 09:15:00.280,20260311,91500280,000009.SZ,88488,2,0,9.97,700
2026-03-11 09:15:00.290,20260311,91500290,000009.SZ,89365,2,0,10.1,1000
2026-03-11 09:15:00.290,20260311,91500290,000009.SZ,89750,2,0,9.7,5000
2026-03-11 09:15:00.290,20260311,91500290,000009.SZ,89845,2,0,9.59,5300
2026-03-11 09:15:00.300,20260311,91500300,000009.SZ,92030,2,0,9.44,3100
2026-03-11 09:15:00.300,20260311,91500300,000009.SZ,92031,2,0,9.52,3200
2026-03-11 09:15:00.300,20260311,91500300,000009.SZ,93604,2,0,9.49,2000
2026-03-11 09:15:00.310,20260311,91500310,000009.SZ,94719,2,0,9.45,1000
2026-03-11 09:15:00.310,20260311,91500310,000009.SZ,94977,1,0,8.8,600
2026-03-11 09:15:00.310,20260311,91500310,000009.SZ,95462,2,0,10.08,1900
2026-03-11 09:15:00.310,20260311,91500310,000009.SZ,95545,1,0,8.26,600
2026-03-11 09:15:00.320,20260311,91500320,000009.SZ,96079,2,0,9.69,300
2026-03-11 09:15:00.320,20260311,91500320,000009.SZ,96634,2,0,9.17,600
2026-03-11 09:15:00.330,20260311,91500330,000009.SZ,97588,1,0,8.8,600
2026-03-11 09:15:00.330,20260311,91500330,000009.SZ,97589,1,0,8.52,600
2026-03-11 09:15:00.330,20260311,91500330,000009.SZ,97884,2,0,10.1,1000
2026-03-11 09:15:00.330,20260311,91500330,000009.SZ,97885,2,0,10.05,1000
2026-03-11 09:15:00.330,20260311,91500330,000009.SZ,97887,2,0,10.0,1000
2026-03-11 09:15:00.330,20260311,91500330,000009.SZ,97888,2,0,9.95,1000
2026-03-11 09:15:00.330,20260311,91500330,000009.SZ,97889,2,0,9.9,1100
2026-03-11 09:15:00.330,20260311,91500330,000009.SZ,97890,2,0,9.85,1100
2026-03-11 09:15:00.330,20260311,91500330,000009.SZ,97891,2,0,9.8,1100
2026-03-11 09:15:00.330,20260311,91500330,000009.SZ,98042,2,0,9.24,100
2026-03-11 09:15:00.330,20260311,91500330,000009.SZ,98069,1,0,8.77,100
2026-03-11 09:15:00.330,20260311,91500330,000009.SZ,98472,2,0,9.7,1100
2026-03-11 09:15:00.350,20260311,91500350,000009.SZ,100833,1,0,8.84,100
2026-03-11 09:15:00.360,20260311,91500360,000009.SZ,102348,2,0,9.38,1000
2026-03-11 09:15:00.360,20260311,91500360,000009.SZ,102351,2,0,9.48,3000
2026-03-11 09:15:00.370,20260311,91500370,000009.SZ,103044,2,0,10.09,500
2026-03-11 09:15:00.370,20260311,91500370,000009.SZ,103897,2,0,9.3,100
2026-03-11 09:15:00.380,20260311,91500380,000009.SZ,104837,1,0,8.9,5100
2026-03-11 09:15:00.380,20260311,91500380,000009.SZ,104899,2,0,9.6,2000
2026-03-11 09:15:00.380,20260311,91500380,000009.SZ,104900,2,0,10.0,1500
2026-03-11 09:15:00.380,20260311,91500380,000009.SZ,104901,1,0,8.8,2000
2026-03-11 09:15:00.390,20260311,91500390,000009.SZ,105877,1,0,8.85,500
2026-03-11 09:15:00.400,20260311,91500400,000009.SZ,106721,2,0,10.1,5900
2026-03-11 09:15:00.400,20260311,91500400,000009.SZ,106875,1,0,8.7,100
2026-03-11 09:15:00.410,20260311,91500410,000009.SZ,107328,1,0,8.3,300
2026-03-11 09:15:00.410,20260311,91500410,000009.SZ,107852,2,0,10.08,20900
2026-03-11 09:15:00.420,20260311,91500420,000009.SZ,108482,2,0,9.55,300
2026-03-11 09:15:00.420,20260311,91500420,000009.SZ,108743,2,0,9.85,7000
2026-03-11 09:15:00.430,20260311,91500430,000009.SZ,109721,1,0,9.18,200
2026-03-11 09:15:00.440,20260311,91500440,000009.SZ,110527,2,0,8.83,2100
2026-03-11 09:15:00.440,20260311,91500440,000009.SZ,110627,2,0,9.2,2300
2026-03-11 09:15:00.440,20260311,91500440,000009.SZ,110849,1,0,8.3,400
2026-03-11 09:15:00.440,20260311,91500440,000009.SZ,111199,1,0,8.8,700
2026-03-11 09:15:00.460,20260311,91500460,000009.SZ,112557,2,0,10.08,300
2026-03-11 09:15:00.460,20260311,91500460,000009.SZ,112961,1,0,8.88,300
2026-03-11 09:15:00.470,20260311,91500470,000009.SZ,113398,2,0,10.0,100
2026-03-11 09:15:00.470,20260311,91500470,000009.SZ,113407,1,0,8.8,600
2026-03-11 09:15:00.470,20260311,91500470,000009.SZ,113409,1,0,8.52,600
2026-03-11 09:15:00.470,20260311,91500470,000009.SZ,113423,2,0,9.39,4000
2026-03-11 09:15:00.470,20260311,91500470,000009.SZ,113641,2,0,9.63,400
2026-03-11 09:15:00.470,20260311,91500470,000009.SZ,113648,1,0,8.51,400
2026-03-11 09:15:00.470,20260311,91500470,000009.SZ,113656,2,0,10.05,100
2026-03-11 09:15:00.470,20260311,91500470,000009.SZ,114354,1,0,8.83,100
2026-03-11 09:15:00.470,20260311,91500470,000009.SZ,114369,1,0,8.95,1000
2026-03-11 09:15:00.480,20260311,91500480,000009.SZ,114942,2,0,10.1,3400
2026-03-11 09:15:00.490,20260311,91500490,000009.SZ,116529,2,0,9.5,7600
2026-03-11 09:15:00.500,20260311,91500500,000009.SZ,116959,1,0,9.08,100
2026-03-11 09:15:00.520,20260311,91500520,000009.SZ,119527,1,0,9.12,300
2026-03-11 09:15:00.520,20260311,91500520,000009.SZ,119906,1,0,8.78,2000
2026-03-11 09:15:00.520,20260311,91500520,000009.SZ,120266,2,0,9.33,200
2026-03-11 09:15:00.530,20260311,91500530,000009.SZ,120789,2,0,9.58,3000
2026-03-11 09:15:00.530,20260311,91500530,000009.SZ,121127,2,0,9.99,300
2026-03-11 09:15:00.530,20260311,91500530,000009.SZ,121129,1,0,8.7,200
2026-03-11 09:15:00.530,20260311,91500530,000009.SZ,121557,2,0,9.7,2300
2026-03-11 09:15:00.540,20260311,91500540,000009.SZ,122105,2,0,9.35,800
2026-03-11 09:15:00.540,20260311,91500540,000009.SZ,122512,1,0,9.1,100
2026-03-11 09:15:00.540,20260311,91500540,000009.SZ,122953,1,0,8.5,400
2026-03-11 09:15:00.550,20260311,91500550,000009.SZ,123248,2,0,9.57,2000
2026-03-11 09:15:00.550,20260311,91500550,000009.SZ,123589,2,0,10.0,200
2026-03-11 09:15:00.550,20260311,91500550,000009.SZ,123819,1,0,9.0,2000
2026-03-11 09:15:00.560,20260311,91500560,000009.SZ,124554,2,0,9.9,4000
2026-03-11 09:15:00.560,20260311,91500560,000009.SZ,125038,2,0,9.28,1000
2026-03-11 09:15:00.560,20260311,91500560,000009.SZ,125039,2,0,9.64,1000
2026-03-11 09:15:00.560,20260311,91500560,000009.SZ,125040,2,0,9.98,1000
2026-03-11 09:15:00.570,20260311,91500570,000009.SZ,126149,2,0,9.48,1200
2026-03-11 09:15:00.580,20260311,91500580,000009.SZ,126844,2,0,9.89,1900
2026-03-11 09:15:00.590,20260311,91500590,000009.SZ,127939,2,0,10.1,2000
2026-03-11 09:15:00.590,20260311,91500590,000009.SZ,128139,2,0,9.32,3000
2026-03-11 09:15:00.590,20260311,91500590,000009.SZ,128245,1,0,9.18,300
2026-03-11 09:15:00.590,20260311,91500590,000009.SZ,128501,2,0,9.49,1000
2026-03-11 09:15:00.600,20260311,91500600,000009.SZ,128908,1,0,8.9,400
2026-03-11 09:15:00.610,20260311,91500610,000009.SZ,130779,2,0,9.6,1000
2026-03-11 09:15:00.610,20260311,91500610,000009.SZ,130827,2,0,10.1,400
2026-03-11 09:15:00.610,20260311,91500610,000009.SZ,130933,2,0,9.63,1000
2026-03-11 09:15:00.620,20260311,91500620,000009.SZ,131308,1,0,9.03,30000
2026-03-11 09:15:00.630,20260311,91500630,000009.SZ,132123,2,0,9.98,500
2026-03-11 09:15:00.630,20260311,91500630,000009.SZ,132206,1,0,8.8,3000
2026-03-11 09:15:00.630,20260311,91500630,000009.SZ,132218,1,0,8.91,300
2026-03-11 09:15:00.630,20260311,91500630,000009.SZ,132237,1,0,8.76,300
2026-03-11 09:15:00.640,20260311,91500640,000009.SZ,133439,2,0,9.48,1000
2026-03-11 09:15:00.640,20260311,91500640,000009.SZ,133440,2,0,9.68,1500
2026-03-11 09:15:00.640,20260311,91500640,000009.SZ,133445,2,0,9.48,1000
2026-03-11 09:15:00.640,20260311,91500640,000009.SZ,133446,2,0,9.68,1500
2026-03-11 09:15:00.650,20260311,91500650,000009.SZ,133997,2,0,9.48,7000
2026-03-11 09:15:00.650,20260311,91500650,000009.SZ,134228,2,0,9.6,700
2026-03-11 09:15:00.650,20260311,91500650,000009.SZ,134364,2,0,9.33,300
2026-03-11 09:15:00.650,20260311,91500650,000009.SZ,134365,2,0,9.43,400
2026-03-11 09:15:00.650,20260311,91500650,000009.SZ,134459,2,0,9.28,400
2026-03-11 09:15:00.650,20260311,91500650,000009.SZ,134461,2,0,9.38,600
2026-03-11 09:15:00.650,20260311,91500650,000009.SZ,134462,2,0,9.48,700
2026-03-11 09:15:00.650,20260311,91500650,000009.SZ,134481,2,0,9.29,100
2026-03-11 09:15:00.650,20260311,91500650,000009.SZ,134651,2,0,10.08,300
2026-03-11 09:15:00.650,20260311,91500650,000009.SZ,134652,2,0,9.95,300
2026-03-11 09:15:00.650,20260311,91500650,000009.SZ,134656,2,0,9.75,300
2026-03-11 09:15:00.650,20260311,91500650,000009.SZ,134671,2,0,9.3,100
2026-03-11 09:15:00.650,20260311,91500650,000009.SZ,134682,2,0,9.5,300
2026-03-11 09:15:00.650,20260311,91500650,000009.SZ,134742,1,0,8.75,300
2026-03-11 09:15:00.660,20260311,91500660,000009.SZ,135381,1,0,8.9,1000
2026-03-11 09:15:00.660,20260311,91500660,000009.SZ,135738,2,0,9.5,1000
2026-03-11 09:15:00.660,20260311,91500660,000009.SZ,135991,1,0,8.8,1000
2026-03-11 09:15:00.660,20260311,91500660,000009.SZ,136165,2,0,9.58,237800
2026-03-11 09:15:00.670,20260311,91500670,000009.SZ,136700,2,0,9.58,500
2026-03-11 09:15:00.670,20260311,91500670,000009.SZ,136701,2,0,9.63,500
2026-03-11 09:15:00.670,20260311,91500670,000009.SZ,136735,1,0,9.05,100
2026-03-11 09:15:00.670,20260311,91500670,000009.SZ,137075,1,0,8.81,500
2026-03-11 09:15:00.670,20260311,91500670,000009.SZ,137077,1,0,8.33,1000
2026-03-11 09:15:00.670,20260311,91500670,000009.SZ,137081,2,0,9.57,500
2026-03-11 09:15:00.670,20260311,91500670,000009.SZ,137082,2,0,9.99,1500
2026-03-11 09:15:00.670,20260311,91500670,000009.SZ,137446,2,0,10.08,600
2026-03-11 09:15:00.670,20260311,91500670,000009.SZ,137447,2,0,9.8,400
2026-03-11 09:15:00.680,20260311,91500680,000009.SZ,138447,1,0,8.8,600
2026-03-11 09:15:00.680,20260311,91500680,000009.SZ,138448,1,0,8.52,600
2026-03-11 09:15:00.690,20260311,91500690,000009.SZ,139029,1,0,8.8,600
2026-03-11 09:15:00.690,20260311,91500690,000009.SZ,139031,1,0,8.52,600
2026-03-11 09:15:00.690,20260311,91500690,000009.SZ,139400,2,0,10.09,4000
2026-03-11 09:15:00.690,20260311,91500690,000009.SZ,139757,1,0,9.18,300
2026-03-11 09:15:00.700,20260311,91500700,000009.SZ,140509,2,0,10.1,200
2026-03-11 09:15:00.700,20260311,91500700,000009.SZ,140670,1,0,8.38,700
2026-03-11 09:15:00.710,20260311,91500710,000009.SZ,140721,1,0,9.18,1500
2026-03-11 09:15:00.710,20260311,91500710,000009.SZ,141682,2,0,9.29,4000
2026-03-11 09:15:00.720,20260311,91500720,000009.SZ,142370,2,0,9.47,2000
2026-03-11 09:15:00.730,20260311,91500730,000009.SZ,143130,2,0,9.99,1000
2026-03-11 09:15:00.740,20260311,91500740,000009.SZ,143740,1,0,9.1,500
2026-03-11 09:15:00.750,20260311,91500750,000009.SZ,144768,2,0,10.08,1400
2026-03-11 09:15:00.760,20260311,91500760,000009.SZ,145904,1,0,9.0,400
2026-03-11 09:15:00.760,20260311,91500760,000009.SZ,145905,2,0,10.0,600
2026-03-11 09:15:00.770,20260311,91500770,000009.SZ,146787,2,0,9.48,2000
2026-03-11 09:15:00.770,20260311,91500770,000009.SZ,146820,1,0,8.6,500
2026-03-11 09:15:00.770,20260311,91500770,000009.SZ,146931,2,0,9.47,600
2026-03-11 09:15:00.780,20260311,91500780,000009.SZ,147575,2,0,10.08,600
2026-03-11 09:15:00.780,20260311,91500780,000009.SZ,148177,2,0,10.1,100
2026-03-11 09:15:00.780,20260311,91500780,000009.SZ,148179,2,0,9.87,200
2026-03-11 09:15:00.790,20260311,91500790,000009.SZ,148697,2,0,9.26,5300
2026-03-11 09:15:00.800,20260311,91500800,000009.SZ,149716,1,0,9.1,3000
2026-03-11 09:15:00.800,20260311,91500800,000009.SZ,149744,1,0,9.08,2000
2026-03-11 09:15:00.800,20260311,91500800,000009.SZ,149752,1,0,8.98,2000
2026-03-11 09:15:00.800,20260311,91500800,000009.SZ,149753,1,0,8.93,2000
2026-03-11 09:15:00.810,20260311,91500810,000009.SZ,150022,2,0,9.99,500
2026-03-11 09:15:00.810,20260311,91500810,000009.SZ,150252,1,0,8.52,600
2026-03-11 09:15:00.820,20260311,91500820,000009.SZ,151504,2,0,9.7,300
2026-03-11 09:15:00.830,20260311,91500830,000009.SZ,152151,2,0,10.1,13000
2026-03-11 09:15:00.830,20260311,91500830,000009.SZ,152867,2,0,10.1,1800
2026-03-11 09:15:00.840,20260311,91500840,000009.SZ,153458,2,0,9.28,2300
2026-03-11 09:15:00.840,20260311,91500840,000009.SZ,153629,2,0,10.09,400
2026-03-11 09:15:00.850,20260311,91500850,000009.SZ,154059,1,0,8.96,100
2026-03-11 09:15:00.860,20260311,91500860,000009.SZ,155049,2,0,9.25,2000
2026-03-11 09:15:00.860,20260311,91500860,000009.SZ,155061,1,0,8.9,3000
2026-03-11 09:15:00.860,20260311,91500860,000009.SZ,155767,1,0,9.18,100
2026-03-11 09:15:00.860,20260311,91500860,000009.SZ,155804,2,0,9.72,3000
2026-03-11 09:15:00.860,20260311,91500860,000009.SZ,155842,2,0,9.5,1000
2026-03-11 09:15:00.870,20260311,91500870,000009.SZ,156014,1,0,8.88,800
2026-03-11 09:15:00.870,20260311,91500870,000009.SZ,156015,1,0,8.74,600
2026-03-11 09:15:00.910,20260311,91500910,000009.SZ,158953,2,0,10.0,200
2026-03-11 09:15:00.920,20260311,91500920,000009.SZ,159537,2,0,9.25,10000
2026-03-11 09:15:00.920,20260311,91500920,000009.SZ,159551,1,0,8.9,50000
2026-03-11 09:15:00.920,20260311,91500920,000009.SZ,159553,2,0,9.3,10000
2026-03-11 09:15:00.940,20260311,91500940,000009.SZ,161465,1,0,9.0,400
2026-03-11 09:15:00.940,20260311,91500940,000009.SZ,161466,2,0,9.28,100
2026-03-11 09:15:00.950,20260311,91500950,000009.SZ,161643,1,0,9.13,95000
2026-03-11 09:15:00.950,20260311,91500950,000009.SZ,161929,2,0,9.35,500
2026-03-11 09:15:00.950,20260311,91500950,000009.SZ,162062,2,0,9.3,500
2026-03-11 09:15:00.950,20260311,91500950,000009.SZ,162521,2,0,10.04,300
2026-03-11 09:15:00.960,20260311,91500960,000009.SZ,162810,1,0,8.93,100
2026-03-11 09:15:00.970,20260311,91500970,000009.SZ,163755,2,0,9.58,128500
2026-03-11 09:15:00.970,20260311,91500970,000009.SZ,163868,2,0,9.31,21400
2026-03-11 09:15:00.970,20260311,91500970,000009.SZ,163870,2,0,9.51,20000
2026-03-11 09:15:00.970,20260311,91500970,000009.SZ,163894,2,0,10.07,500
2026-03-11 09:15:00.970,20260311,91500970,000009.SZ,164131,2,0,9.5,100
2026-03-11 09:15:00.980,20260311,91500980,000009.SZ,164682,1,0,8.8,100
2026-03-11 09:15:00.990,20260311,91500990,000009.SZ,165428,2,0,10.0,500
2026-03-11 09:15:01.000,20260311,91501000,000009.SZ,166032,2,0,10.05,400
2026-03-11 09:15:01.000,20260311,91501000,000009.SZ,166559,2,0,10.1,12500
2026-03-11 09:15:01.030,20260311,91501030,000009.SZ,168690,2,0,9.22,200
2026-03-11 09:15:01.030,20260311,91501030,000009.SZ,169062,2,0,10.1,1000
2026-03-11 09:15:01.030,20260311,91501030,000009.SZ,169162,2,0,10.1,250000
2026-03-11 09:15:01.030,20260311,91501030,000009.SZ,169164,2,0,10.0,90000
2026-03-11 09:15:01.030,20260311,91501030,000009.SZ,169258,2,0,10.08,2000
2026-03-11 09:15:01.030,20260311,91501030,000009.SZ,169259,2,0,9.42,2000
2026-03-11 09:15:01.040,20260311,91501040,000009.SZ,169652,2,0,9.97,200
2026-03-11 09:15:01.050,20260311,91501050,000009.SZ,170357,2,0,9.98,400
2026-03-11 09:15:01.050,20260311,91501050,000009.SZ,171273,1,0,9.2,500
2026-03-11 09:15:01.050,20260311,91501050,000009.SZ,171345,1,0,8.5,100
2026-03-11 09:15:01.070,20260311,91501070,000009.SZ,172415,2,0,9.88,1000
2026-03-11 09:15:01.080,20260311,91501080,000009.SZ,173412,2,0,9.38,20000
2026-03-11 09:15:01.100,20260311,91501100,000009.SZ,174729,2,0,9.5,1500
2026-03-11 09:15:01.100,20260311,91501100,000009.SZ,174861,2,0,10.1,51000
2026-03-11 09:15:01.100,20260311,91501100,000009.SZ,174933,2,0,9.68,2500
2026-03-11 09:15:01.100,20260311,91501100,000009.SZ,175054,2,0,9.25,1200
2026-03-11 09:15:01.110,20260311,91501110,000009.SZ,175372,2,0,9.57,100
2026-03-11 09:15:01.110,20260311,91501110,000009.SZ,175373,2,0,9.76,100
2026-03-11 09:15:01.110,20260311,91501110,000009.SZ,175374,2,0,9.9,100
2026-03-11 09:15:01.140,20260311,91501140,000009.SZ,177420,1,0,8.98,600
2026-03-11 09:15:01.150,20260311,91501150,000009.SZ,178147,2,0,9.96,900
2026-03-11 09:15:01.170,20260311,91501170,000009.SZ,179635,2,0,9.58,36000
2026-03-11 09:15:01.180,20260311,91501180,000009.SZ,180732,2,0,9.55,1500
2026-03-11 09:15:01.190,20260311,91501190,000009.SZ,181286,2,0,10.1,2000
2026-03-11 09:15:01.200,20260311,91501200,000009.SZ,182064,2,0,9.8,1100
2026-03-11 09:15:01.200,20260311,91501200,000009.SZ,182156,2,0,10.1,200
2026-03-11 09:15:01.210,20260311,91501210,000009.SZ,182583,1,0,8.81,400
2026-03-11 09:15:01.210,20260311,91501210,000009.SZ,182654,2,0,9.35,50000
2026-03-11 09:15:01.230,20260311,91501230,000009.SZ,183896,2,0,10.1,10000
2026-03-11 09:15:01.240,20260311,91501240,000009.SZ,184503,2,0,9.41,2000
2026-03-11 09:15:01.240,20260311,91501240,000009.SZ,184793,1,0,9.0,200
2026-03-11 09:15:01.250,20260311,91501250,000009.SZ,185613,2,0,10.08,2000
2026-03-11 09:15:01.260,20260311,91501260,000009.SZ,186653,2,0,9.94,700
2026-03-11 09:15:01.270,20260311,91501270,000009.SZ,187123,1,0,9.14,5100
2026-03-11 09:15:01.270,20260311,91501270,000009.SZ,187470,2,0,9.99,1800
2026-03-11 09:15:01.280,20260311,91501280,000009.SZ,187837,1,0,9.11,100
2026-03-11 09:15:01.290,20260311,91501290,000009.SZ,188353,2,0,10.08,1600
2026-03-11 09:15:01.290,20260311,91501290,000009.SZ,188355,2,0,9.52,100
2026-03-11 09:15:01.310,20260311,91501310,000009.SZ,189714,2,0,9.29,1500
2026-03-11 09:15:01.320,20260311,91501320,000009.SZ,190086,2,0,9.24,400
2026-03-11 09:15:01.320,20260311,91501320,000009.SZ,190139,2,0,10.1,5000
2026-03-11 09:15:01.350,20260311,91501350,000009.SZ,191358,2,0,9.55,1000
2026-03-11 09:15:01.370,20260311,91501370,000009.SZ,192833,1,0,9.04,1100
2026-03-11 09:15:01.380,20260311,91501380,000009.SZ,193120,2,0,9.49,3000
2026-03-11 09:15:01.380,20260311,91501380,000009.SZ,193121,2,0,9.59,3000
2026-03-11 09:15:01.380,20260311,91501380,000009.SZ,193122,2,0,9.69,6000
2026-03-11 09:15:01.380,20260311,91501380,000009.SZ,193123,2,0,9.79,10000
2026-03-11 09:15:01.380,20260311,91501380,000009.SZ,193124,2,0,9.95,2000
2026-03-11 09:15:01.380,20260311,91501380,000009.SZ,193125,2,0,10.1,2000
2026-03-11 09:15:01.400,20260311,91501400,000009.SZ,193984,2,0,9.54,1700
2026-03-11 09:15:01.400,20260311,91501400,000009.SZ,193985,2,0,9.67,1400
2026-03-11 09:15:01.400,20260311,91501400,000009.SZ,193986,2,0,9.79,1600
2026-03-11 09:15:01.400,20260311,91501400,000009.SZ,193987,2,0,9.9,1600
2026-03-11 09:15:01.400,20260311,91501400,000009.SZ,193988,2,0,10.0,1600
2026-03-11 09:15:01.400,20260311,91501400,000009.SZ,193989,2,0,10.1,1600
2026-03-11 09:15:01.420,20260311,91501420,000009.SZ,194364,2,0,9.55,1000
2026-03-11 09:15:01.420,20260311,91501420,000009.SZ,194452,2,0,9.32,2000
2026-03-11 09:15:01.420,20260311,91501420,000009.SZ,194472,2,0,9.9,700
2026-03-11 09:15:01.440,20260311,91501440,000009.SZ,195309,2,0,9.5,300
2026-03-11 09:15:01.450,20260311,91501450,000009.SZ,195654,2,0,9.51,100
2026-03-11 09:15:01.460,20260311,91501460,000009.SZ,196141,2,0,9.28,500
2026-03-11 09:15:01.480,20260311,91501480,000009.SZ,196837,2,0,9.5,5700
2026-03-11 09:15:01.490,20260311,91501490,000009.SZ,197536,2,0,9.5,1000
2026-03-11 09:15:01.510,20260311,91501510,000009.SZ,198238,2,0,9.48,600
2026-03-11 09:15:01.560,20260311,91501560,000009.SZ,200871,2,0,10.1,300
2026-03-11 09:15:01.570,20260311,91501570,000009.SZ,201414,1,0,8.85,1000
2026-03-11 09:15:01.600,20260311,91501600,000009.SZ,202745,2,0,10.0,1000
2026-03-11 09:15:01.610,20260311,91501610,000009.SZ,203419,1,0,9.18,200
2026-03-11 09:15:01.620,20260311,91501620,000009.SZ,204021,2,0,9.63,1500
2026-03-11 09:15:01.620,20260311,91501620,000009.SZ,204082,2,0,9.87,1000
2026-03-11 09:15:01.630,20260311,91501630,000009.SZ,204335,2,0,10.09,200
2026-03-11 09:15:01.630,20260311,91501630,000009.SZ,204400,2,0,9.5,500
2026-03-11 09:15:01.640,20260311,91501640,000009.SZ,204868,2,0,9.7,7300
2026-03-11 09:15:01.650,20260311,91501650,000009.SZ,205054,1,0,9.09,300
2026-03-11 09:15:01.650,20260311,91501650,000009.SZ,205370,2,0,9.74,6000
2026-03-11 09:15:01.670,20260311,91501670,000009.SZ,206500,1,0,8.65,1100
2026-03-11 09:15:01.710,20260311,91501710,000009.SZ,208989,2,0,9.45,1000
2026-03-11 09:15:01.720,20260311,91501720,000009.SZ,209323,1,0,9.05,2000
2026-03-11 09:15:01.750,20260311,91501750,000009.SZ,210640,2,0,10.1,500
2026-03-11 09:15:01.750,20260311,91501750,000009.SZ,210848,1,0,8.94,200
2026-03-11 09:15:01.750,20260311,91501750,000009.SZ,210849,2,0,9.79,300
2026-03-11 09:15:01.760,20260311,91501760,000009.SZ,211056,2,0,10.09,400
2026-03-11 09:15:01.760,20260311,91501760,000009.SZ,211301,2,0,9.76,200
2026-03-11 09:15:01.780,20260311,91501780,000009.SZ,212577,1,0,9.18,700
2026-03-11 09:15:01.780,20260311,91501780,000009.SZ,212865,2,0,9.48,80000
2026-03-11 09:15:01.790,20260311,91501790,000009.SZ,213389,2,0,9.3,300
2026-03-11 09:15:01.790,20260311,91501790,000009.SZ,213462,1,0,8.81,500
2026-03-11 09:15:01.790,20260311,91501790,000009.SZ,213505,2,0,9.4,500
2026-03-11 09:15:01.800,20260311,91501800,000009.SZ,214166,1,0,8.83,2700
2026-03-11 09:15:01.810,20260311,91501810,000009.SZ,214821,2,0,9.7,9400
2026-03-11 09:15:01.820,20260311,91501820,000009.SZ,215412,2,0,9.33,1900
2026-03-11 09:15:01.820,20260311,91501820,000009.SZ,215415,2,0,9.36,1400
2026-03-11 09:15:01.820,20260311,91501820,000009.SZ,215738,2,0,10.1,1800
2026-03-11 09:15:01.840,20260311,91501840,000009.SZ,216476,2,0,9.99,500
2026-03-11 09:15:01.840,20260311,91501840,000009.SZ,216643,2,0,9.85,2600
2026-03-11 09:15:01.840,20260311,91501840,000009.SZ,216721,2,0,9.64,300
2026-03-11 09:15:01.840,20260311,91501840,000009.SZ,216749,2,0,10.1,500
2026-03-11 09:15:01.850,20260311,91501850,000009.SZ,217090,2,0,9.51,20000
2026-03-11 09:15:01.860,20260311,91501860,000009.SZ,217860,2,0,9.99,1000
2026-03-11 09:15:01.900,20260311,91501900,000009.SZ,219393,1,0,8.98,3000
2026-03-11 09:15:01.900,20260311,91501900,000009.SZ,219395,2,0,9.59,1000
2026-03-11 09:15:01.930,20260311,91501930,000009.SZ,220353,2,0,9.48,6900
2026-03-11 09:15:01.940,20260311,91501940,000009.SZ,220859,2,0,9.37,500
2026-03-11 09:15:01.940,20260311,91501940,000009.SZ,220988,2,0,9.9,1000
2026-03-11 09:15:01.950,20260311,91501950,000009.SZ,221593,1,0,8.9,300
2026-03-11 09:15:01.950,20260311,91501950,000009.SZ,222030,2,0,9.3,1000
2026-03-11 09:15:01.950,20260311,91501950,000009.SZ,222031,2,0,9.5,1000
2026-03-11 09:15:01.950,20260311,91501950,000009.SZ,222032,2,0,9.7,1000
2026-03-11 09:15:01.960,20260311,91501960,000009.SZ,222385,1,0,8.9,100
2026-03-11 09:15:01.960,20260311,91501960,000009.SZ,222639,2,0,9.98,600
2026-03-11 09:15:01.980,20260311,91501980,000009.SZ,223153,2,0,9.51,8400
2026-03-11 09:15:01.980,20260311,91501980,000009.SZ,223564,2,0,9.5,500
2026-03-11 09:15:02.020,20260311,91502020,000009.SZ,225499,2,0,9.28,2000
2026-03-11 09:15:02.020,20260311,91502020,000009.SZ,225824,2,0,9.58,500
2026-03-11 09:15:02.030,20260311,91502030,000009.SZ,225945,1,0,8.83,200
2026-03-11 09:15:02.030,20260311,91502030,000009.SZ,226246,1,0,8.5,1000
2026-03-11 09:15:02.030,20260311,91502030,000009.SZ,226247,2,0,10.09,3200
2026-03-11 09:15:02.030,20260311,91502030,000009.SZ,226391,2,0,9.88,2900
2026-03-11 09:15:02.030,20260311,91502030,000009.SZ,226437,2,0,10.0,200
2026-03-11 09:15:02.040,20260311,91502040,000009.SZ,226703,1,0,8.81,700
2026-03-11 09:15:02.040,20260311,91502040,000009.SZ,226746,2,0,9.35,5000
2026-03-11 09:15:02.040,20260311,91502040,000009.SZ,227019,1,0,9.08,3000
2026-03-11 09:15:02.040,20260311,91502040,000009.SZ,227064,1,0,9.03,2000
2026-03-11 09:15:02.050,20260311,91502050,000009.SZ,227499,2,0,10.1,1500
2026-03-11 09:15:02.060,20260311,91502060,000009.SZ,227845,1,0,9.18,300
2026-03-11 09:15:02.060,20260311,91502060,000009.SZ,228042,2,0,9.49,500
2026-03-11 09:15:02.060,20260311,91502060,000009.SZ,228063,1,0,8.95,1000
2026-03-11 09:15:02.060,20260311,91502060,000009.SZ,228071,2,0,10.0,600
2026-03-11 09:15:02.060,20260311,91502060,000009.SZ,228188,2,0,9.35,2000
2026-03-11 09:15:02.070,20260311,91502070,000009.SZ,229119,2,0,9.48,4700
2026-03-11 09:15:02.080,20260311,91502080,000009.SZ,229372,2,0,10.08,1000
2026-03-11 09:15:02.100,20260311,91502100,000009.SZ,230985,2,0,10.1,2000
2026-03-11 09:15:02.100,20260311,91502100,000009.SZ,230987,2,0,10.1,2000
2026-03-11 09:15:02.110,20260311,91502110,000009.SZ,231488,1,0,9.18,100
2026-03-11 09:15:02.120,20260311,91502120,000009.SZ,231783,2,0,9.51,10000
2026-03-11 09:15:02.120,20260311,91502120,000009.SZ,231988,2,0,9.52,100
2026-03-11 09:15:02.120,20260311,91502120,000009.SZ,231990,2,0,9.66,300
2026-03-11 09:15:02.130,20260311,91502130,000009.SZ,232420,2,0,10.1,1700
2026-03-11 09:15:02.130,20260311,91502130,000009.SZ,232459,2,0,9.86,200
2026-03-11 09:15:02.130,20260311,91502130,000009.SZ,232460,2,0,10.06,200
2026-03-11 09:15:02.140,20260311,91502140,000009.SZ,232522,2,0,10.1,2500
2026-03-11 09:15:02.140,20260311,91502140,000009.SZ,232524,2,0,10.1,2500
2026-03-11 09:15:02.170,20260311,91502170,000009.SZ,233912,2,0,10.1,200
2026-03-11 09:15:02.170,20260311,91502170,000009.SZ,234275,1,0,9.01,10000
2026-03-11 09:15:02.180,20260311,91502180,000009.SZ,234467,1,0,8.45,20000
2026-03-11 09:15:02.180,20260311,91502180,000009.SZ,234469,1,0,8.45,10000
2026-03-11 09:15:02.180,20260311,91502180,000009.SZ,234470,1,0,8.45,10000
2026-03-11 09:15:02.200,20260311,91502200,000009.SZ,235393,2,0,9.98,3000
2026-03-11 09:15:02.200,20260311,91502200,000009.SZ,235435,2,0,9.39,1000
2026-03-11 09:15:02.200,20260311,91502200,000009.SZ,235438,1,0,8.27,3000
2026-03-11 09:15:02.220,20260311,91502220,000009.SZ,236301,1,0,8.75,100
2026-03-11 09:15:02.220,20260311,91502220,000009.SZ,236304,2,0,9.25,100
2026-03-11 09:15:02.220,20260311,91502220,000009.SZ,236440,2,0,9.5,100
2026-03-11 09:15:02.220,20260311,91502220,000009.SZ,236444,1,0,8.32,1000
2026-03-11 09:15:02.220,20260311,91502220,000009.SZ,236446,1,0,8.52,800
2026-03-11 09:15:02.220,20260311,91502220,000009.SZ,236447,1,0,8.72,800
2026-03-11 09:15:02.230,20260311,91502230,000009.SZ,236513,2,0,8.88,800
2026-03-11 09:15:02.230,20260311,91502230,000009.SZ,236623,2,0,9.42,5000
2026-03-11 09:15:02.250,20260311,91502250,000009.SZ,237712,1,0,9.1,500
2026-03-11 09:15:02.280,20260311,91502280,000009.SZ,238995,2,0,9.74,1100
2026-03-11 09:15:02.310,20260311,91502310,000009.SZ,240484,2,0,9.38,2000
2026-03-11 09:15:02.310,20260311,91502310,000009.SZ,240521,2,0,9.53,29000
2026-03-11 09:15:02.310,20260311,91502310,000009.SZ,240522,1,0,8.85,1100
2026-03-11 09:15:02.320,20260311,91502320,000009.SZ,240872,2,0,10.1,3000
2026-03-11 09:15:02.320,20260311,91502320,000009.SZ,240908,1,0,8.3,100
2026-03-11 09:15:02.350,20260311,91502350,000009.SZ,242079,1,0,9.18,100
2026-03-11 09:15:02.350,20260311,91502350,000009.SZ,242174,2,0,9.4,1300
2026-03-11 09:15:02.380,20260311,91502380,000009.SZ,243358,1,0,9.05,200
2026-03-11 09:15:02.420,20260311,91502420,000009.SZ,244179,2,0,10.04,200
2026-03-11 09:15:02.440,20260311,91502440,000009.SZ,244754,2,0,9.65,100
2026-03-11 09:15:02.510,20260311,91502510,000009.SZ,247116,2,0,10.1,125600
2026-03-11 09:15:02.550,20260311,91502550,000009.SZ,248334,1,0,9.18,500
2026-03-11 09:15:02.560,20260311,91502560,000009.SZ,248892,1,0,8.26,1000
2026-03-11 09:15:02.610,20260311,91502610,000009.SZ,250456,2,0,9.46,18000
2026-03-11 09:15:02.620,20260311,91502620,000009.SZ,250855,1,0,9.07,300
2026-03-11 09:15:02.630,20260311,91502630,000009.SZ,250864,2,0,9.9,300
2026-03-11 09:15:02.650,20260311,91502650,000009.SZ,251421,2,0,9.5,500
2026-03-11 09:15:02.660,20260311,91502660,000009.SZ,252058,2,0,9.6,10200
2026-03-11 09:15:02.670,20260311,91502670,000009.SZ,252203,2,0,10.1,500
2026-03-11 09:15:02.740,20260311,91502740,000009.SZ,254497,1,0,8.26,4000
2026-03-11 09:15:02.740,20260311,91502740,000009.SZ,254602,2,0,10.1,5000
2026-03-11 09:15:02.740,20260311,91502740,000009.SZ,254682,2,0,9.58,500
2026-03-11 09:15:02.760,20260311,91502760,000009.SZ,255298,2,0,9.98,300
2026-03-11 09:15:02.760,20260311,91502760,000009.SZ,255399,2,0,9.48,2000
2026-03-11 09:15:02.760,20260311,91502760,000009.SZ,255400,1,0,8.95,1800
2026-03-11 09:15:02.770,20260311,91502770,000009.SZ,255718,2,0,10.1,200
2026-03-11 09:15:02.830,20260311,91502830,000009.SZ,258138,2,0,9.98,1900
2026-03-11 09:15:02.840,20260311,91502840,000009.SZ,258790,1,0,9.07,500
2026-03-11 09:15:02.840,20260311,91502840,000009.SZ,258793,1,0,9.03,500
2026-03-11 09:15:02.890,20260311,91502890,000009.SZ,260089,2,0,9.79,100
2026-03-11 09:15:02.890,20260311,91502890,000009.SZ,260091,2,0,9.89,100
2026-03-11 09:15:02.890,20260311,91502890,000009.SZ,260094,2,0,9.92,300
2026-03-11 09:15:02.980,20260311,91502980,000009.SZ,263027,2,0,9.6,2000
2026-03-11 09:15:03.020,20260311,91503020,000009.SZ,264907,2,0,9.27,10000
2026-03-11 09:15:03.020,20260311,91503020,000009.SZ,264913,1,0,9.08,10000
2026-03-11 09:15:03.050,20260311,91503050,000009.SZ,265982,2,0,9.42,300
2026-03-11 09:15:03.060,20260311,91503060,000009.SZ,266393,1,0,9.08,2000
2026-03-11 09:15:03.060,20260311,91503060,000009.SZ,266468,2,0,9.99,4900
2026-03-11 09:15:03.070,20260311,91503070,000009.SZ,267004,2,0,9.4,1500
2026-03-11 09:15:03.080,20260311,91503080,000009.SZ,267412,1,0,9.15,200
2026-03-11 09:15:03.100,20260311,91503100,000009.SZ,268250,2,0,9.61,2000
2026-03-11 09:15:03.100,20260311,91503100,000009.SZ,268364,2,0,9.68,5500
2026-03-11 09:15:03.110,20260311,91503110,000009.SZ,268742,2,0,9.52,1000
2026-03-11 09:15:03.110,20260311,91503110,000009.SZ,268765,1,0,8.83,5000
2026-03-11 09:15:03.130,20260311,91503130,000009.SZ,269157,2,0,9.81,100
2026-03-11 09:15:03.130,20260311,91503130,000009.SZ,269159,1,0,8.41,100
2026-03-11 09:15:03.130,20260311,91503130,000009.SZ,269282,2,0,9.35,1000
2026-03-11 09:15:03.150,20260311,91503150,000009.SZ,269656,2,0,9.45,1000
2026-03-11 09:15:03.150,20260311,91503150,000009.SZ,269674,2,0,9.52,1000
2026-03-11 09:15:03.170,20260311,91503170,000009.SZ,270199,2,0,9.88,6000
2026-03-11 09:15:03.190,20260311,91503190,000009.SZ,270775,2,0,9.82,4000
2026-03-11 09:15:03.210,20260311,91503210,000009.SZ,271180,2,0,10.0,100
2026-03-11 09:15:03.210,20260311,91503210,000009.SZ,271231,2,0,10.1,100
2026-03-11 09:15:03.230,20260311,91503230,000009.SZ,271841,2,0,9.98,1000
2026-03-11 09:15:03.260,20260311,91503260,000009.SZ,273011,1,0,8.8,600
2026-03-11 09:15:03.270,20260311,91503270,000009.SZ,273164,1,0,8.8,2000
2026-03-11 09:15:03.300,20260311,91503300,000009.SZ,274077,2,0,9.99,10000
2026-03-11 09:15:03.300,20260311,91503300,000009.SZ,274078,2,0,9.7,10000
2026-03-11 09:15:03.310,20260311,91503310,000009.SZ,274393,2,0,10.1,100
2026-03-11 09:15:03.360,20260311,91503360,000009.SZ,275502,2,0,9.34,800
2026-03-11 09:15:03.410,20260311,91503410,000009.SZ,275959,2,0,10.1,6400
2026-03-11 09:15:03.480,20260311,91503480,000009.SZ,277045,2,0,10.0,700
2026-03-11 09:15:03.540,20260311,91503540,000009.SZ,278083,1,0,9.0,1000
2026-03-11 09:15:03.540,20260311,91503540,000009.SZ,278099,2,0,9.36,1400
2026-03-11 09:15:03.570,20260311,91503570,000009.SZ,278938,1,0,8.33,300
2026-03-11 09:15:03.600,20260311,91503600,000009.SZ,279340,2,0,9.44,500
2026-03-11 09:15:03.600,20260311,91503600,000009.SZ,279342,2,0,9.88,600
2026-03-11 09:15:03.600,20260311,91503600,000009.SZ,279348,2,0,10.08,1000
2026-03-11 09:15:03.600,20260311,91503600,000009.SZ,279366,1,0,9.01,400
2026-03-11 09:15:03.650,20260311,91503650,000009.SZ,279980,2,0,9.4,600
2026-03-11 09:15:03.650,20260311,91503650,000009.SZ,279983,1,0,8.86,1200
2026-03-11 09:15:03.730,20260311,91503730,000009.SZ,281676,2,0,9.7,1100
2026-03-11 09:15:03.760,20260311,91503760,000009.SZ,282602,2,0,9.65,1500
2026-03-11 09:15:03.760,20260311,91503760,000009.SZ,282603,2,0,9.9,1500
2026-03-11 09:15:03.760,20260311,91503760,000009.SZ,282838,2,0,9.65,100
2026-03-11 09:15:03.770,20260311,91503770,000009.SZ,282880,1,0,9.09,100
2026-03-11 09:15:03.780,20260311,91503780,000009.SZ,283104,1,0,9.08,1100
2026-03-11 09:15:03.800,20260311,91503800,000009.SZ,283765,2,0,9.98,500
2026-03-11 09:15:03.820,20260311,91503820,000009.SZ,284239,1,0,8.97,2000
2026-03-11 09:15:03.840,20260311,91503840,000009.SZ,284758,1,0,8.28,100
2026-03-11 09:15:03.840,20260311,91503840,000009.SZ,284759,2,0,10.1,200
2026-03-11 09:15:03.840,20260311,91503840,000009.SZ,284858,2,0,9.25,100
2026-03-11 09:15:03.840,20260311,91503840,000009.SZ,284869,1,0,9.18,2100
2026-03-11 09:15:03.860,20260311,91503860,000009.SZ,285015,2,0,10.09,100
2026-03-11 09:15:03.870,20260311,91503870,000009.SZ,285103,2,0,9.38,1000
2026-03-11 09:15:03.890,20260311,91503890,000009.SZ,285411,2,0,10.1,700
2026-03-11 09:15:03.910,20260311,91503910,000009.SZ,285710,2,0,10.1,1100
2026-03-11 09:15:03.980,20260311,91503980,000009.SZ,286939,2,0,9.86,400
2026-03-11 09:15:04.020,20260311,91504020,000009.SZ,287649,2,0,9.29,500
2026-03-11 09:15:04.090,20260311,91504090,000009.SZ,290164,1,0,9.02,400
2026-03-11 09:15:04.100,20260311,91504100,000009.SZ,290569,2,0,9.28,1100
2026-03-11 09:15:04.110,20260311,91504110,000009.SZ,290716,2,0,9.76,200
2026-03-11 09:15:04.110,20260311,91504110,000009.SZ,290756,2,0,9.79,100
2026-03-11 09:15:04.130,20260311,91504130,000009.SZ,291187,1,0,8.48,1500
2026-03-11 09:15:04.130,20260311,91504130,000009.SZ,291192,1,0,8.29,1500
2026-03-11 09:15:04.180,20260311,91504180,000009.SZ,291759,2,0,10.1,3000
2026-03-11 09:15:04.220,20260311,91504220,000009.SZ,292698,2,0,9.48,4000
2026-03-11 09:15:04.240,20260311,91504240,000009.SZ,293358,1,0,9.05,1000
2026-03-11 09:15:04.290,20260311,91504290,000009.SZ,294117,2,0,10.09,10000
2026-03-11 09:15:04.320,20260311,91504320,000009.SZ,294504,1,0,8.91,10000
2026-03-11 09:15:04.570,20260311,91504570,000009.SZ,296585,2,0,10.1,2300
2026-03-11 09:15:04.590,20260311,91504590,000009.SZ,296694,2,0,10.1,18000
2026-03-11 09:15:04.690,20260311,91504690,000009.SZ,297996,2,0,10.1,1500
2026-03-11 09:15:04.720,20260311,91504720,000009.SZ,298402,2,0,10.09,1200
2026-03-11 09:15:04.740,20260311,91504740,000009.SZ,298758,2,0,9.29,3000
2026-03-11 09:15:04.780,20260311,91504780,000009.SZ,299587,2,0,9.29,1400
2026-03-11 09:15:04.840,20260311,91504840,000009.SZ,300510,2,0,9.52,3000
2026-03-11 09:15:04.900,20260311,91504900,000009.SZ,301135,2,0,9.52,300
2026-03-11 09:15:04.930,20260311,91504930,000009.SZ,301282,2,0,9.73,500
2026-03-11 09:15:04.940,20260311,91504940,000009.SZ,301336,1,0,9.0,1000
2026-03-11 09:15:04.940,20260311,91504940,000009.SZ,301376,2,0,9.32,1300
2026-03-11 09:15:04.940,20260311,91504940,000009.SZ,301378,2,0,10.02,2000
2026-03-11 09:15:04.960,20260311,91504960,000009.SZ,301501,1,0,9.18,100
2026-03-11 09:15:04.970,20260311,91504970,000009.SZ,301598,2,0,10.1,500
2026-03-11 09:15:05.020,20260311,91505020,000009.SZ,302423,2,0,9.55,1100
2026-03-11 09:15:05.020,20260311,91505020,000009.SZ,302429,1,0,8.88,1200
2026-03-11 09:15:05.050,20260311,91505050,000009.SZ,303049,2,0,10.1,1000
2026-03-11 09:15:05.060,20260311,91505060,000009.SZ,303321,1,0,8.8,1200
2026-03-11 09:15:05.060,20260311,91505060,000009.SZ,303322,2,0,9.8,1100
2026-03-11 09:15:05.090,20260311,91505090,000009.SZ,304074,1,0,8.82,300
2026-03-11 09:15:05.090,20260311,91505090,000009.SZ,304178,2,0,9.68,4400
2026-03-11 09:15:05.090,20260311,91505090,000009.SZ,304181,2,0,10.03,4500
2026-03-11 09:15:05.090,20260311,91505090,000009.SZ,304182,1,0,8.9,3000
2026-03-11 09:15:05.100,20260311,91505100,000009.SZ,304379,2,0,9.58,3300
2026-03-11 09:15:05.180,20260311,91505180,000009.SZ,305110,1,0,9.0,500
2026-03-11 09:15:05.200,20260311,91505200,000009.SZ,305407,1,0,8.81,1000
2026-03-11 09:15:05.210,20260311,91505210,000009.SZ,305478,2,0,10.0,5000
2026-03-11 09:15:05.230,20260311,91505230,000009.SZ,305839,1,0,9.18,1200
2026-03-11 09:15:05.240,20260311,91505240,000009.SZ,305977,2,0,9.99,500
2026-03-11 09:15:05.250,20260311,91505250,000009.SZ,306269,1,0,8.9,1000
2026-03-11 09:15:05.270,20260311,91505270,000009.SZ,306497,2,0,10.1,5500
2026-03-11 09:15:05.290,20260311,91505290,000009.SZ,306676,2,0,9.66,1400
2026-03-11 09:15:05.300,20260311,91505300,000009.SZ,306770,2,0,10.07,7000
2026-03-11 09:15:05.360,20260311,91505360,000009.SZ,307277,1,0,8.62,4000
2026-03-11 09:15:05.360,20260311,91505360,000009.SZ,307278,1,0,8.4,7100
2026-03-11 09:15:05.520,20260311,91505520,000009.SZ,308049,2,0,10.1,300
2026-03-11 09:15:05.550,20260311,91505550,000009.SZ,308200,2,0,10.1,500
2026-03-11 09:15:05.590,20260311,91505590,000009.SZ,308308,2,0,10.1,4000
2026-03-11 09:15:05.690,20260311,91505690,000009.SZ,308803,2,0,10.08,100
2026-03-11 09:15:05.710,20260311,91505710,000009.SZ,308892,2,0,9.55,2000
2026-03-11 09:15:05.760,20260311,91505760,000009.SZ,309289,1,0,9.18,1000
2026-03-11 09:15:05.780,20260311,91505780,000009.SZ,309570,2,0,9.46,1200
2026-03-11 09:15:05.820,20260311,91505820,000009.SZ,310000,2,0,9.99,1000
2026-03-11 09:15:05.990,20260311,91505990,000009.SZ,310707,1,0,8.78,1000
2026-03-11 09:15:06.020,20260311,91506020,000009.SZ,311146,2,0,9.51,1000
2026-03-11 09:15:06.040,20260311,91506040,000009.SZ,311434,2,0,10.1,200
2026-03-11 09:15:06.070,20260311,91506070,000009.SZ,311736,2,0,9.28,1000
2026-03-11 09:15:06.080,20260311,91506080,000009.SZ,311831,1,0,8.5,200
2026-03-11 09:15:06.110,20260311,91506110,000009.SZ,312363,2,0,10.1,4900
2026-03-11 09:15:06.110,20260311,91506110,000009.SZ,312366,2,0,10.08,4900
2026-03-11 09:15:06.220,20260311,91506220,000009.SZ,312959,2,0,9.36,100
2026-03-11 09:15:06.230,20260311,91506230,000009.SZ,313126,1,0,9.15,300
2026-03-11 09:15:06.250,20260311,91506250,000009.SZ,313406,2,0,10.0,100
2026-03-11 09:15:06.340,20260311,91506340,000009.SZ,313932,1,0,8.81,2000
2026-03-11 09:15:06.780,20260311,91506780,000009.SZ,315652,1,0,8.85,500
2026-03-11 09:15:06.780,20260311,91506780,000009.SZ,315689,2,0,9.38,1000
2026-03-11 09:15:06.950,20260311,91506950,000009.SZ,316352,2,0,10.0,10700
2026-03-11 09:15:07.000,20260311,91507000,000009.SZ,316587,2,0,10.0,200
2026-03-11 09:15:07.010,20260311,91507010,000009.SZ,316660,2,0,9.79,200
2026-03-11 09:15:07.020,20260311,91507020,000009.SZ,316678,1,0,8.52,200
2026-03-11 09:15:07.130,20260311,91507130,000009.SZ,317236,2,0,10.1,2400
2026-03-11 09:15:07.140,20260311,91507140,000009.SZ,317254,1,0,9.0,1000
2026-03-11 09:15:07.260,20260311,91507260,000009.SZ,318126,2,0,10.1,200
2026-03-11 09:15:07.260,20260311,91507260,000009.SZ,318137,1,0,8.82,200
2026-03-11 09:15:07.260,20260311,91507260,000009.SZ,318141,1,0,8.28,300
2026-03-11 09:15:07.640,20260311,91507640,000009.SZ,319020,2,0,10.1,400
2026-03-11 09:15:07.640,20260311,91507640,000009.SZ,319026,2,0,10.0,3000
2026-03-11 09:15:07.780,20260311,91507780,000009.SZ,319774,2,0,9.39,1300
2026-03-11 09:15:08.070,20260311,91508070,000009.SZ,320389,2,0,9.99,200
2026-03-11 09:15:08.190,20260311,91508190,000009.SZ,320871,2,0,10.1,3000
2026-03-11 09:15:08.680,20260311,91508680,000009.SZ,321759,1,0,9.01,800
2026-03-11 09:15:09.190,20260311,91509190,000009.SZ,322424,2,0,10.1,1000
2026-03-11 09:15:11.970,20260311,91511970,000009.SZ,323814,1,0,8.83,2000
2026-03-11 09:15:11.970,20260311,91511970,000009.SZ,323825,2,0,9.77,2000
2026-03-11 09:15:12.280,20260311,91512280,000009.SZ,324086,2,0,9.25,200
2026-03-11 09:15:12.280,20260311,91512280,000009.SZ,324087,1,0,9.11,200
2026-03-11 09:15:13.250,20260311,91513250,000009.SZ,324319,2,0,10.09,100
2026-03-11 09:15:15.720,20260311,91515720,000009.SZ,324774,1,0,9.1,11000
2026-03-11 09:15:18.110,20260311,91518110,000009.SZ,325183,2,0,9.22,400
2026-03-11 09:15:21.330,20260311,91521330,000009.SZ,326197,2,0,9.89,2100
2026-03-11 09:15:27.700,20260311,91527700,000009.SZ,327579,2,0,10.1,210800
2026-03-11 09:15:28.100,20260311,91528100,000009.SZ,327653,2,0,9.25,400
2026-03-11 09:15:28.330,20260311,91528330,000009.SZ,327730,2,0,9.16,600
2026-03-11 09:15:30.120,20260311,91530120,000009.SZ,328096,1,0,9.08,100
2026-03-11 09:15:30.120,20260311,91530120,000009.SZ,328097,2,0,9.26,100
2026-03-11 09:15:35.440,20260311,91535440,000009.SZ,329462,2,0,9.2,100
2026-03-11 09:15:37.070,20260311,91537070,000009.SZ,329852,1,0,8.5,100
2026-03-11 09:15:40.970,20260311,91540970,000009.SZ,330857,2,0,9.29,500
2026-03-11 09:15:41.180,20260311,91541180,000009.SZ,330933,2,0,9.3,100
2026-03-11 09:15:41.180,20260311,91541180,000009.SZ,330935,1,0,8.5,100
2026-03-11 09:15:41.390,20260311,91541390,000009.SZ,331009,2,0,9.25,100
2026-03-11 09:15:47.490,20260311,91547490,000009.SZ,332609,2,0,9.3,100
2026-03-11 09:15:53.530,20260311,91553530,000009.SZ,334306,2,0,9.35,100
2026-03-11 09:15:55.140,20260311,91555140,000009.SZ,334835,2,0,9.24,200
2026-03-11 09:15:55.150,20260311,91555150,000009.SZ,334846,1,0,8.95,200
2026-03-11 09:15:57.230,20260311,91557230,000009.SZ,335541,2,0,9.22,400
2026-03-11 09:15:57.230,20260311,91557230,000009.SZ,335542,1,0,9.0,400
2026-03-11 09:15:59.580,20260311,91559580,000009.SZ,336293,2,0,9.4,100
2026-03-11 09:16:01.150,20260311,91601150,000009.SZ,336820,2,0,9.4,1000
2026-03-11 09:16:01.150,20260311,91601150,000009.SZ,336821,1,0,8.75,1000
2026-03-11 09:16:05.670,20260311,91605670,000009.SZ,338299,1,0,9.1,100
2026-03-11 09:16:08.370,20260311,91608370,000009.SZ,339129,2,0,9.66,300
2026-03-11 09:16:11.700,20260311,91611700,000009.SZ,340058,1,0,9.05,100
2026-03-11 09:16:13.870,20260311,91613870,000009.SZ,340665,2,0,9.55,900
2026-03-11 09:16:17.800,20260311,91617800,000009.SZ,341839,1,0,9.0,100
2026-03-11 09:16:23.940,20260311,91623940,000009.SZ,343511,1,0,8.82,800
2026-03-11 09:16:26.000,20260311,91626000,000009.SZ,344072,2,0,9.55,1000
2026-03-11 09:16:30.540,20260311,91630540,000009.SZ,345365,1,0,9.05,10000
2026-03-11 09:16:31.830,20260311,91631830,000009.SZ,345755,2,0,9.91,21400
2026-03-11 09:16:34.570,20260311,91634570,000009.SZ,346632,2,0,9.5,2000
2026-03-11 09:16:34.920,20260311,91634920,000009.SZ,346737,2,0,9.16,100
2026-03-11 09:16:36.780,20260311,91636780,000009.SZ,347336,2,0,10.08,1300
2026-03-11 09:16:46.600,20260311,91646600,000009.SZ,350278,2,0,9.25,6300
2026-03-11 09:16:54.240,20260311,91654240,000009.SZ,352745,2,0,10.1,10000
2026-03-11 09:16:59.530,20260311,91659530,000009.SZ,354450,2,0,9.53,2000
2026-03-11 09:17:00.550,20260311,91700550,000009.SZ,354796,2,0,9.16,3000
2026-03-11 09:17:03.890,20260311,91703890,000009.SZ,355849,2,0,10.1,12000
2026-03-11 09:17:09.700,20260311,91709700,000009.SZ,357791,1,0,8.93,2000
2026-03-11 09:17:09.920,20260311,91709920,000009.SZ,357872,2,0,9.39,500
2026-03-11 09:17:23.340,20260311,91723340,000009.SZ,362386,1,0,9.02,11000
2026-03-11 09:17:23.850,20260311,91723850,000009.SZ,362560,1,0,9.0,7800
2026-03-11 09:17:26.290,20260311,91726290,000009.SZ,363432,2,0,10.08,1000
2026-03-11 09:17:28.060,20260311,91728060,000009.SZ,364006,2,0,9.99,500
2026-03-11 09:17:28.480,20260311,91728480,000009.SZ,364177,1,0,10.1,1500
2026-03-11 09:17:28.810,20260311,91728810,000009.SZ,364302,2,0,10.1,2300
2026-03-11 09:17:30.010,20260311,91730010,000009.SZ,364775,1,0,8.26,1000
2026-03-11 09:17:30.700,20260311,91730700,000009.SZ,365061,2,0,8.88,2700
2026-03-11 09:17:32.750,20260311,91732750,000009.SZ,365820,2,0,10.1,10800
2026-03-11 09:17:35.230,20260311,91735230,000009.SZ,366704,2,0,10.1,700
2026-03-11 09:17:36.540,20260311,91736540,000009.SZ,367149,2,0,10.1,2800
2026-03-11 09:17:39.600,20260311,91739600,000009.SZ,368302,1,0,8.26,5000
2026-03-11 09:17:42.880,20260311,91742880,000009.SZ,369495,2,0,9.39,1000
2026-03-11 09:17:43.010,20260311,91743010,000009.SZ,369535,2,0,10.1,3300
2026-03-11 09:17:45.640,20260311,91745640,000009.SZ,370563,1,0,9.02,1000
2026-03-11 09:17:46.650,20260311,91746650,000009.SZ,370945,1,0,9.1,3000
2026-03-11 09:17:50.740,20260311,91750740,000009.SZ,372438,2,0,10.09,3100
2026-03-11 09:17:50.990,20260311,91750990,000009.SZ,372550,1,0,9.09,2400
2026-03-11 09:17:52.680,20260311,91752680,000009.SZ,373173,2,0,9.4,2000
2026-03-11 09:17:56.350,20260311,91756350,000009.SZ,374542,1,0,9.1,1000
2026-03-11 09:18:01.070,20260311,91801070,000009.SZ,376418,1,0,8.95,1700
2026-03-11 09:18:03.890,20260311,91803890,000009.SZ,377474,2,0,9.33,1000
2026-03-11 09:18:04.150,20260311,91804150,000009.SZ,377574,2,0,9.5,1000
2026-03-11 09:18:05.850,20260311,91805850,000009.SZ,378206,1,0,8.96,2000
2026-03-11 09:18:07.300,20260311,91807300,000009.SZ,378791,2,0,9.32,800
2026-03-11 09:18:11.040,20260311,91811040,000009.SZ,380264,1,0,8.82,1000
2026-03-11 09:18:11.390,20260311,91811390,000009.SZ,380413,2,0,9.29,500
2026-03-11 09:18:14.160,20260311,91814160,000009.SZ,381528,1,0,8.9,2500
2026-03-11 09:18:14.610,20260311,91814610,000009.SZ,381691,2,0,9.71,100
2026-03-11 09:18:15.920,20260311,91815920,000009.SZ,382243,1,0,8.26,20000
2026-03-11 09:18:16.040,20260311,91816040,000009.SZ,382294,1,0,9.0,500
2026-03-11 09:18:17.190,20260311,91817190,000009.SZ,382749,2,0,10.1,400
2026-03-11 09:18:17.880,20260311,91817880,000009.SZ,383021,2,0,9.26,600
2026-03-11 09:18:19.290,20260311,91819290,000009.SZ,383570,2,0,9.25,5000
2026-03-11 09:18:19.680,20260311,91819680,000009.SZ,383732,2,0,9.54,500
2026-03-11 09:18:23.710,20260311,91823710,000009.SZ,385381,2,0,9.37,37100
2026-03-11 09:18:24.450,20260311,91824450,000009.SZ,385646,2,0,9.2,500
2026-03-11 09:18:25.430,20260311,91825430,000009.SZ,386067,2,0,10.1,100
2026-03-11 09:18:26.680,20260311,91826680,000009.SZ,386590,1,0,9.0,500
2026-03-11 09:18:29.410,20260311,91829410,000009.SZ,387688,2,0,9.37,500
2026-03-11 09:18:29.890,20260311,91829890,000009.SZ,387866,1,0,9.0,1000
2026-03-11 09:18:30.010,20260311,91830010,000009.SZ,387922,2,0,9.79,300
2026-03-11 09:18:30.230,20260311,91830230,000009.SZ,388010,1,0,8.37,1700
2026-03-11 09:18:34.620,20260311,91834620,000009.SZ,389722,2,0,9.3,400
2026-03-11 09:18:39.630,20260311,91839630,000009.SZ,391858,2,0,9.63,2100
2026-03-11 09:18:41.410,20260311,91841410,000009.SZ,392655,1,0,9.11,300
2026-03-11 09:18:42.370,20260311,91842370,000009.SZ,393009,2,0,9.5,400
2026-03-11 09:18:42.620,20260311,91842620,000009.SZ,393107,2,0,10.09,500
2026-03-11 09:18:45.700,20260311,91845700,000009.SZ,394331,2,0,8.89,2700
2026-03-11 09:18:52.020,20260311,91852020,000009.SZ,396884,2,0,9.69,200
2026-03-11 09:18:52.350,20260311,91852350,000009.SZ,397012,2,0,9.7,400
2026-03-11 09:18:52.900,20260311,91852900,000009.SZ,397243,1,0,8.5,500
2026-03-11 09:18:54.500,20260311,91854500,000009.SZ,397895,2,0,9.71,600
2026-03-11 09:18:55.100,20260311,91855100,000009.SZ,398121,1,0,9.12,1200
2026-03-11 09:18:56.220,20260311,91856220,000009.SZ,398585,2,0,9.52,1500
2026-03-11 09:18:57.870,20260311,91857870,000009.SZ,399315,2,0,9.18,5400
2026-03-11 09:18:58.540,20260311,91858540,000009.SZ,399613,2,0,9.9,400
2026-03-11 09:19:01.350,20260311,91901350,000009.SZ,400756,2,0,9.16,200
2026-03-11 09:19:02.190,20260311,91902190,000009.SZ,401113,1,0,9.04,400
2026-03-11 09:19:02.800,20260311,91902800,000009.SZ,401389,2,0,9.28,600
2026-03-11 09:19:02.960,20260311,91902960,000009.SZ,401462,2,0,9.35,10000
2026-03-11 09:19:04.740,20260311,91904740,000009.SZ,402249,2,0,10.1,400
2026-03-11 09:19:06.220,20260311,91906220,000009.SZ,402908,2,0,9.5,200
2026-03-11 09:19:09.050,20260311,91909050,000009.SZ,404171,2,0,10.1,200
2026-03-11 09:19:09.770,20260311,91909770,000009.SZ,404495,2,0,9.68,2500
2026-03-11 09:19:14.660,20260311,91914660,000009.SZ,406780,1,0,9.16,1000
2026-03-11 09:19:14.750,20260311,91914750,000009.SZ,406820,1,0,9.08,1100
2026-03-11 09:19:15.060,20260311,91915060,000009.SZ,406954,2,0,9.32,300
2026-03-11 09:19:16.250,20260311,91916250,000009.SZ,407465,2,0,10.1,4400
2026-03-11 09:19:19.820,20260311,91919820,000009.SZ,409004,1,0,9.16,6500
2026-03-11 09:19:20.170,20260311,91920170,000009.SZ,409178,2,0,10.1,200
2026-03-11 09:19:23.760,20260311,91923760,000009.SZ,410804,2,0,10.1,1000
2026-03-11 09:19:25.560,20260311,91925560,000009.SZ,411606,2,0,9.15,200
2026-03-11 09:19:26.030,20260311,91926030,000009.SZ,411821,2,0,9.4,300
2026-03-11 09:19:28.700,20260311,91928700,000009.SZ,413034,2,0,9.26,1100
2026-03-11 09:19:29.350,20260311,91929350,000009.SZ,413348,1,0,9.0,5500
2026-03-11 09:19:29.670,20260311,91929670,000009.SZ,413490,2,0,9.59,200
2026-03-11 09:19:30.070,20260311,91930070,000009.SZ,413757,2,0,9.36,2000
2026-03-11 09:19:31.810,20260311,91931810,000009.SZ,414581,1,0,9.05,9000
2026-03-11 09:19:38.830,20260311,91938830,000009.SZ,417841,1,0,9.1,5000
2026-03-11 09:19:41.000,20260311,91941000,000009.SZ,418859,2,0,9.32,1000
2026-03-11 09:19:41.210,20260311,91941210,000009.SZ,418942,2,0,9.28,5000
2026-03-11 09:19:42.700,20260311,91942700,000009.SZ,419691,1,0,9.18,10000
2026-03-11 09:19:43.950,20260311,91943950,000009.SZ,420197,2,0,10.07,1600
2026-03-11 09:19:46.080,20260311,91946080,000009.SZ,421213,2,0,10.0,500
2026-03-11 09:19:46.110,20260311,91946110,000009.SZ,421223,2,0,9.59,1000
2026-03-11 09:19:46.210,20260311,91946210,000009.SZ,421272,2,0,9.86,300
2026-03-11 09:19:48.940,20260311,91948940,000009.SZ,422522,2,0,9.38,5000
2026-03-11 09:19:49.300,20260311,91949300,000009.SZ,422659,2,0,9.37,2000
2026-03-11 09:19:53.360,20260311,91953360,000009.SZ,424409,2,0,10.1,500
2026-03-11 09:19:53.390,20260311,91953390,000009.SZ,424420,2,0,9.75,300
2026-03-11 09:20:05.270,20260311,92005270,000009.SZ,429724,2,0,9.64,300
2026-03-11 09:20:05.600,20260311,92005600,000009.SZ,429829,2,0,9.33,4000
2026-03-11 09:20:05.770,20260311,92005770,000009.SZ,429886,2,0,9.28,5000
2026-03-11 09:20:06.010,20260311,92006010,000009.SZ,429978,2,0,9.18,500
2026-03-11 09:20:06.020,20260311,92006020,000009.SZ,429992,2,0,9.0,100
2026-03-11 09:20:06.380,20260311,92006380,000009.SZ,430149,1,0,9.16,100
2026-03-11 09:20:08.840,20260311,92008840,000009.SZ,431019,2,0,9.39,1000
2026-03-11 09:20:09.430,20260311,92009430,000009.SZ,431274,2,0,9.46,3000
2026-03-11 09:20:09.440,20260311,92009440,000009.SZ,431282,2,0,8.26,800
2026-03-11 09:20:09.450,20260311,92009450,000009.SZ,431292,2,0,8.26,4500
2026-03-11 09:20:11.590,20260311,92011590,000009.SZ,432237,1,0,9.15,100
2026-03-11 09:20:15.020,20260311,92015020,000009.SZ,433524,2,0,9.53,300
2026-03-11 09:20:15.380,20260311,92015380,000009.SZ,433654,1,0,9.1,3700
2026-03-11 09:20:15.510,20260311,92015510,000009.SZ,433714,2,0,9.39,3000
2026-03-11 09:20:15.730,20260311,92015730,000009.SZ,433788,1,0,9.05,100
2026-03-11 09:20:16.830,20260311,92016830,000009.SZ,434199,2,0,9.48,5000
2026-03-11 09:20:21.910,20260311,92021910,000009.SZ,436213,2,0,10.1,3300
2026-03-11 09:20:26.020,20260311,92026020,000009.SZ,437831,2,0,9.58,5000
2026-03-11 09:20:30.230,20260311,92030230,000009.SZ,439470,2,0,9.74,20000
2026-03-11 09:20:30.630,20260311,92030630,000009.SZ,439618,2,0,10.1,700
2026-03-11 09:20:34.210,20260311,92034210,000009.SZ,441030,2,0,9.32,600
2026-03-11 09:20:34.330,20260311,92034330,000009.SZ,441083,2,0,9.68,5000
2026-03-11 09:20:35.880,20260311,92035880,000009.SZ,441693,2,0,9.65,500
2026-03-11 09:20:37.250,20260311,92037250,000009.SZ,442240,1,0,8.6,600
2026-03-11 09:20:37.300,20260311,92037300,000009.SZ,442260,2,0,9.36,100
2026-03-11 09:20:40.540,20260311,92040540,000009.SZ,443482,1,0,8.96,100
2026-03-11 09:20:41.990,20260311,92041990,000009.SZ,444110,2,0,9.78,5000
2026-03-11 09:20:42.470,20260311,92042470,000009.SZ,444291,2,0,9.38,11000
2026-03-11 09:20:45.180,20260311,92045180,000009.SZ,445442,2,0,10.1,10000
2026-03-11 09:20:46.610,20260311,92046610,000009.SZ,446047,2,0,9.83,4000
2026-03-11 09:20:46.800,20260311,92046800,000009.SZ,446128,1,0,9.1,1000
2026-03-11 09:20:46.950,20260311,92046950,000009.SZ,446182,1,0,8.65,500
2026-03-11 09:20:46.990,20260311,92046990,000009.SZ,446189,1,0,8.98,1100
2026-03-11 09:20:47.620,20260311,92047620,000009.SZ,446444,1,0,8.26,300
2026-03-11 09:20:47.790,20260311,92047790,000009.SZ,446512,2,0,9.79,1000
2026-03-11 09:20:48.310,20260311,92048310,000009.SZ,446696,2,0,9.89,11500
2026-03-11 09:20:49.420,20260311,92049420,000009.SZ,447126,2,0,9.88,10000
2026-03-11 09:20:51.620,20260311,92051620,000009.SZ,447992,2,0,9.4,100
2026-03-11 09:20:51.690,20260311,92051690,000009.SZ,448018,1,0,9.0,1000
2026-03-11 09:20:53.450,20260311,92053450,000009.SZ,448776,2,0,9.8,1000
2026-03-11 09:20:57.300,20260311,92057300,000009.SZ,450343,2,0,9.98,10000
2026-03-11 09:20:57.310,20260311,92057310,000009.SZ,450345,1,0,8.81,3600
2026-03-11 09:20:58.480,20260311,92058480,000009.SZ,450827,2,0,10.1,2000
2026-03-11 09:20:58.490,20260311,92058490,000009.SZ,450838,2,0,9.26,900
2026-03-11 09:20:59.790,20260311,92059790,000009.SZ,451343,1,0,9.18,100
2026-03-11 09:21:04.480,20260311,92104480,000009.SZ,454141,2,0,9.96,400
2026-03-11 09:21:06.750,20260311,92106750,000009.SZ,455129,2,0,10.08,10000
2026-03-11 09:21:13.200,20260311,92113200,000009.SZ,457837,1,0,8.9,1000
2026-03-11 09:21:19.000,20260311,92119000,000009.SZ,460343,1,0,9.12,1500
2026-03-11 09:21:19.930,20260311,92119930,000009.SZ,460741,2,0,10.1,6100
2026-03-11 09:21:20.670,20260311,92120670,000009.SZ,461073,1,0,8.46,8800
2026-03-11 09:21:24.070,20260311,92124070,000009.SZ,462570,2,0,9.98,1300
2026-03-11 09:21:25.620,20260311,92125620,000009.SZ,463241,2,0,9.68,1000
2026-03-11 09:21:26.130,20260311,92126130,000009.SZ,463479,2,0,10.1,1800
2026-03-11 09:21:26.830,20260311,92126830,000009.SZ,463750,2,0,9.48,30000
2026-03-11 09:21:31.500,20260311,92131500,000009.SZ,465732,2,0,9.39,1200
2026-03-11 09:21:31.650,20260311,92131650,000009.SZ,465803,2,0,9.35,700
2026-03-11 09:21:33.790,20260311,92133790,000009.SZ,466704,2,0,9.24,1000
2026-03-11 09:21:34.480,20260311,92134480,000009.SZ,466987,2,0,9.1,1200
2026-03-11 09:21:35.090,20260311,92135090,000009.SZ,467225,2,0,10.1,1000
2026-03-11 09:21:36.050,20260311,92136050,000009.SZ,467647,2,0,10.0,1000
2026-03-11 09:21:39.380,20260311,92139380,000009.SZ,469149,2,0,9.99,300
2026-03-11 09:21:40.840,20260311,92140840,000009.SZ,469828,2,0,9.6,1000
2026-03-11 09:21:42.020,20260311,92142020,000009.SZ,470318,2,0,10.1,500
2026-03-11 09:21:42.150,20260311,92142150,000009.SZ,470390,1,0,9.09,1000
2026-03-11 09:21:42.550,20260311,92142550,000009.SZ,470560,1,0,9.15,1000
2026-03-11 09:21:44.120,20260311,92144120,000009.SZ,471308,1,0,9.06,5000
2026-03-11 09:21:45.270,20260311,92145270,000009.SZ,471820,2,0,10.1,100
2026-03-11 09:21:46.150,20260311,92146150,000009.SZ,472243,2,0,10.0,1200
2026-03-11 09:21:48.730,20260311,92148730,000009.SZ,473417,2,0,9.8,2000
2026-03-11 09:21:49.200,20260311,92149200,000009.SZ,473639,2,0,9.48,5900
2026-03-11 09:21:50.150,20260311,92150150,000009.SZ,474074,2,0,9.62,5700
2026-03-11 09:21:54.970,20260311,92154970,000009.SZ,476198,1,0,9.0,10000
2026-03-11 09:22:01.710,20260311,92201710,000009.SZ,479271,1,0,9.01,2000
2026-03-11 09:22:02.110,20260311,92202110,000009.SZ,479426,2,0,9.36,1100
2026-03-11 09:22:02.890,20260311,92202890,000009.SZ,479786,2,0,9.28,1000
2026-03-11 09:22:03.460,20260311,92203460,000009.SZ,480034,2,0,9.39,500
2026-03-11 09:22:03.540,20260311,92203540,000009.SZ,480064,2,0,10.1,9900
2026-03-11 09:22:03.910,20260311,92203910,000009.SZ,480241,1,0,8.85,400
2026-03-11 09:22:05.850,20260311,92205850,000009.SZ,481188,2,0,9.55,200
2026-03-11 09:22:06.590,20260311,92206590,000009.SZ,481567,2,0,10.04,10000
2026-03-11 09:22:11.120,20260311,92211120,000009.SZ,483704,1,0,8.81,1600
2026-03-11 09:22:14.340,20260311,92214340,000009.SZ,485165,2,0,9.3,500
2026-03-11 09:22:15.240,20260311,92215240,000009.SZ,485597,1,0,8.91,300
2026-03-11 09:22:16.060,20260311,92216060,000009.SZ,485974,2,0,9.17,300
2026-03-11 09:22:16.580,20260311,92216580,000009.SZ,486238,2,0,9.25,1000
2026-03-11 09:22:17.800,20260311,92217800,000009.SZ,486833,2,0,10.1,800
2026-03-11 09:22:20.930,20260311,92220930,000009.SZ,488282,1,0,8.26,2000
2026-03-11 09:22:23.040,20260311,92223040,000009.SZ,489297,1,0,9.0,1100
2026-03-11 09:22:23.800,20260311,92223800,000009.SZ,489628,1,0,9.03,4000
2026-03-11 09:22:24.230,20260311,92224230,000009.SZ,489837,1,0,9.0,200
2026-03-11 09:22:25.330,20260311,92225330,000009.SZ,490397,2,0,9.7,5500
2026-03-11 09:22:30.070,20260311,92230070,000009.SZ,492629,2,0,9.27,1000
2026-03-11 09:22:31.530,20260311,92231530,000009.SZ,493356,2,0,9.99,5000
2026-03-11 09:22:34.870,20260311,92234870,000009.SZ,495001,1,0,8.95,11100
2026-03-11 09:22:35.580,20260311,92235580,000009.SZ,495364,2,0,9.31,2000
2026-03-11 09:22:37.820,20260311,92237820,000009.SZ,496490,2,0,9.98,2000
2026-03-11 09:22:39.480,20260311,92239480,000009.SZ,497286,2,0,9.28,1000
2026-03-11 09:22:39.520,20260311,92239520,000009.SZ,497315,2,0,9.99,300
2026-03-11 09:22:40.800,20260311,92240800,000009.SZ,497930,1,0,9.17,2300
2026-03-11 09:22:40.800,20260311,92240800,000009.SZ,497934,2,0,9.4,900
2026-03-11 09:22:41.820,20260311,92241820,000009.SZ,498437,2,0,9.21,9000
2026-03-11 09:22:42.370,20260311,92242370,000009.SZ,498676,2,0,8.26,200
2026-03-11 09:22:42.500,20260311,92242500,000009.SZ,498745,1,0,8.92,400
2026-03-11 09:22:43.170,20260311,92243170,000009.SZ,499080,2,0,9.31,2000
2026-03-11 09:22:44.100,20260311,92244100,000009.SZ,499559,2,0,9.17,1000
2026-03-11 09:22:45.320,20260311,92245320,000009.SZ,500128,2,0,9.88,1600
2026-03-11 09:22:45.530,20260311,92245530,000009.SZ,500228,2,0,10.02,20000
2026-03-11 09:22:48.880,20260311,92248880,000009.SZ,501856,1,0,9.0,1000
2026-03-11 09:22:50.440,20260311,92250440,000009.SZ,502621,2,0,9.19,3000
2026-03-11 09:22:51.390,20260311,92251390,000009.SZ,503162,2,0,8.26,200
2026-03-11 09:22:52.280,20260311,92252280,000009.SZ,503652,2,0,10.06,800
2026-03-11 09:22:52.390,20260311,92252390,000009.SZ,503721,2,0,9.37,700
2026-03-11 09:22:53.340,20260311,92253340,000009.SZ,504197,2,0,9.3,1000
2026-03-11 09:22:54.880,20260311,92254880,000009.SZ,504978,1,0,8.8,5000
2026-03-11 09:22:55.940,20260311,92255940,000009.SZ,505514,2,0,9.26,1600
2026-03-11 09:22:57.120,20260311,92257120,000009.SZ,506089,1,0,9.1,500
2026-03-11 09:22:59.410,20260311,92259410,000009.SZ,507204,2,0,9.59,11100
2026-03-11 09:22:59.610,20260311,92259610,000009.SZ,507301,1,0,10.1,40000
2026-03-11 09:22:59.740,20260311,92259740,000009.SZ,507364,2,0,9.22,200
2026-03-11 09:23:00.370,20260311,92300370,000009.SZ,507680,2,0,8.26,4300
2026-03-11 09:23:06.430,20260311,92306430,000009.SZ,511041,2,0,9.28,200
2026-03-11 09:23:08.460,20260311,92308460,000009.SZ,512206,2,0,9.35,8200
2026-03-11 09:23:09.570,20260311,92309570,000009.SZ,512814,2,0,9.48,2000
2026-03-11 09:23:09.960,20260311,92309960,000009.SZ,513055,1,0,8.88,300
2026-03-11 09:23:11.560,20260311,92311560,000009.SZ,513984,1,0,9.11,2500
2026-03-11 09:23:13.560,20260311,92313560,000009.SZ,515075,2,0,9.5,2000
2026-03-11 09:23:15.280,20260311,92315280,000009.SZ,516084,2,0,9.58,900
2026-03-11 09:23:15.300,20260311,92315300,000009.SZ,516089,2,0,9.28,10000
2026-03-11 09:23:17.020,20260311,92317020,000009.SZ,517074,2,0,9.29,1900
2026-03-11 09:23:20.800,20260311,92320800,000009.SZ,519299,1,0,9.01,1000
2026-03-11 09:23:22.510,20260311,92322510,000009.SZ,520306,1,0,8.26,10000
2026-03-11 09:23:22.940,20260311,92322940,000009.SZ,520564,2,0,9.45,5000
2026-03-11 09:23:24.450,20260311,92324450,000009.SZ,521422,2,0,9.77,200
2026-03-11 09:23:24.570,20260311,92324570,000009.SZ,521496,2,0,9.2,5000
2026-03-11 09:23:26.450,20260311,92326450,000009.SZ,522607,2,0,9.9,1100
2026-03-11 09:23:26.530,20260311,92326530,000009.SZ,522660,1,0,9.0,1000
2026-03-11 09:23:27.220,20260311,92327220,000009.SZ,523093,2,0,9.3,10000
2026-03-11 09:23:27.670,20260311,92327670,000009.SZ,523379,2,0,9.72,1000
2026-03-11 09:23:28.620,20260311,92328620,000009.SZ,523983,2,0,9.25,2000
2026-03-11 09:23:29.880,20260311,92329880,000009.SZ,524768,1,0,9.19,100
2026-03-11 09:23:29.960,20260311,92329960,000009.SZ,524805,2,0,9.26,2000
2026-03-11 09:23:33.010,20260311,92333010,000009.SZ,526574,2,0,9.33,300
2026-03-11 09:23:33.690,20260311,92333690,000009.SZ,526995,2,0,9.3,1500
2026-03-11 09:23:34.230,20260311,92334230,000009.SZ,527348,2,0,9.37,200
2026-03-11 09:23:34.450,20260311,92334450,000009.SZ,527480,2,0,9.46,2300
2026-03-11 09:23:35.100,20260311,92335100,000009.SZ,527869,2,0,9.26,5000
2026-03-11 09:23:35.520,20260311,92335520,000009.SZ,528140,2,0,9.19,3600
2026-03-11 09:23:36.460,20260311,92336460,000009.SZ,528732,1,0,9.15,1000
2026-03-11 09:23:37.720,20260311,92337720,000009.SZ,529519,2,0,9.66,300
2026-03-11 09:23:37.810,20260311,92337810,000009.SZ,529585,2,0,9.37,2000
2026-03-11 09:23:38.100,20260311,92338100,000009.SZ,529762,2,0,10.0,500
2026-03-11 09:23:38.280,20260311,92338280,000009.SZ,529869,2,0,9.29,2000
2026-03-11 09:23:38.290,20260311,92338290,000009.SZ,529877,1,0,9.19,1000
2026-03-11 09:23:38.450,20260311,92338450,000009.SZ,529957,2,0,9.5,11000
2026-03-11 09:23:38.810,20260311,92338810,000009.SZ,530162,2,0,9.26,15000
2026-03-11 09:23:40.780,20260311,92340780,000009.SZ,531348,2,0,9.25,2000
2026-03-11 09:23:41.820,20260311,92341820,000009.SZ,531999,2,0,9.53,500
2026-03-11 09:23:43.110,20260311,92343110,000009.SZ,532814,1,0,9.19,6500
2026-03-11 09:23:43.900,20260311,92343900,000009.SZ,533314,2,0,10.0,300
2026-03-11 09:23:44.340,20260311,92344340,000009.SZ,533582,2,0,9.38,1000
2026-03-11 09:23:45.380,20260311,92345380,000009.SZ,534250,2,0,8.26,1000
2026-03-11 09:23:45.880,20260311,92345880,000009.SZ,534573,2,0,9.18,1000
2026-03-11 09:23:46.470,20260311,92346470,000009.SZ,534989,2,0,9.39,2000
2026-03-11 09:23:46.630,20260311,92346630,000009.SZ,535114,2,0,10.1,700
2026-03-11 09:23:47.240,20260311,92347240,000009.SZ,535473,2,0,9.24,3000
2026-03-11 09:23:49.800,20260311,92349800,000009.SZ,537031,1,0,9.09,2500
2026-03-11 09:23:50.950,20260311,92350950,000009.SZ,537737,2,0,9.25,200
2026-03-11 09:23:52.040,20260311,92352040,000009.SZ,538389,2,0,9.33,2000
2026-03-11 09:23:52.980,20260311,92352980,000009.SZ,539009,2,0,9.33,2000
2026-03-11 09:23:56.610,20260311,92356610,000009.SZ,541370,2,0,9.49,400
2026-03-11 09:23:56.820,20260311,92356820,000009.SZ,541517,2,0,8.26,300
2026-03-11 09:23:57.940,20260311,92357940,000009.SZ,542250,2,0,9.38,5000
2026-03-11 09:23:58.110,20260311,92358110,000009.SZ,542367,2,0,9.29,2000
2026-03-11 09:23:59.760,20260311,92359760,000009.SZ,543407,2,0,9.38,1000
2026-03-11 09:24:00.030,20260311,92400030,000009.SZ,543606,1,0,9.63,300
2026-03-11 09:24:00.150,20260311,92400150,000009.SZ,543845,1,0,9.1,200
2026-03-11 09:24:00.210,20260311,92400210,000009.SZ,543902,2,0,9.57,2600
2026-03-11 09:24:00.370,20260311,92400370,000009.SZ,544054,1,0,9.19,500
2026-03-11 09:24:00.680,20260311,92400680,000009.SZ,544265,2,0,9.33,500
2026-03-11 09:24:01.510,20260311,92401510,000009.SZ,544835,2,0,9.45,200
2026-03-11 09:24:01.990,20260311,92401990,000009.SZ,545191,2,0,9.27,2500
2026-03-11 09:24:04.390,20260311,92404390,000009.SZ,546952,2,0,9.56,3000
2026-03-11 09:24:05.100,20260311,92405100,000009.SZ,547489,2,0,10.1,1000
2026-03-11 09:24:05.300,20260311,92405300,000009.SZ,547630,2,0,9.24,2000
2026-03-11 09:24:06.430,20260311,92406430,000009.SZ,548464,1,0,9.19,100
2026-03-11 09:24:07.200,20260311,92407200,000009.SZ,549054,2,0,9.6,4000
2026-03-11 09:24:07.650,20260311,92407650,000009.SZ,549427,1,0,9.19,47800
2026-03-11 09:24:07.690,20260311,92407690,000009.SZ,549459,2,0,9.36,1500
2026-03-11 09:24:09.110,20260311,92409110,000009.SZ,550522,1,0,9.18,1000
2026-03-11 09:24:09.840,20260311,92409840,000009.SZ,551103,2,0,9.5,300
2026-03-11 09:24:10.130,20260311,92410130,000009.SZ,551316,1,0,9.19,800
2026-03-11 09:24:10.640,20260311,92410640,000009.SZ,551748,2,0,9.2,5000
2026-03-11 09:24:10.810,20260311,92410810,000009.SZ,551899,2,0,9.8,400
2026-03-11 09:24:11.680,20260311,92411680,000009.SZ,552606,2,0,9.19,10000
2026-03-11 09:24:12.060,20260311,92412060,000009.SZ,552932,2,0,9.33,200
2026-03-11 09:24:12.410,20260311,92412410,000009.SZ,553238,2,0,8.26,3200
2026-03-11 09:24:12.900,20260311,92412900,000009.SZ,553688,2,0,9.3,1000
2026-03-11 09:24:13.470,20260311,92413470,000009.SZ,554212,1,0,9.08,500
2026-03-11 09:24:15.870,20260311,92415870,000009.SZ,556212,2,0,9.26,2800
2026-03-11 09:24:16.230,20260311,92416230,000009.SZ,556514,2,0,9.17,1000
2026-03-11 09:24:16.250,20260311,92416250,000009.SZ,556533,2,0,9.17,12600
2026-03-11 09:24:17.730,20260311,92417730,000009.SZ,557761,2,0,9.19,5000
2026-03-11 09:24:18.950,20260311,92418950,000009.SZ,558850,2,0,9.4,1000
2026-03-11 09:24:21.380,20260311,92421380,000009.SZ,561158,2,0,8.26,4600
2026-03-11 09:24:21.520,20260311,92421520,000009.SZ,561327,1,0,9.0,500
2026-03-11 09:24:23.800,20260311,92423800,000009.SZ,563534,1,0,9.0,400
2026-03-11 09:24:25.790,20260311,92425790,000009.SZ,565393,2,0,9.19,300
2026-03-11 09:24:26.420,20260311,92426420,000009.SZ,565971,2,0,9.63,10900
2026-03-11 09:24:27.180,20260311,92427180,000009.SZ,566703,2,0,9.35,20000
2026-03-11 09:24:27.770,20260311,92427770,000009.SZ,567284,2,0,9.38,5000
2026-03-11 09:24:31.400,20260311,92431400,000009.SZ,571033,2,0,9.22,200
2026-03-11 09:24:32.390,20260311,92432390,000009.SZ,571968,2,0,9.25,5000
2026-03-11 09:24:32.830,20260311,92432830,000009.SZ,572374,2,0,9.77,500
2026-03-11 09:24:33.210,20260311,92433210,000009.SZ,572725,2,0,9.43,500
2026-03-11 09:24:33.600,20260311,92433600,000009.SZ,573104,2,0,9.28,5000
2026-03-11 09:24:34.550,20260311,92434550,000009.SZ,574032,2,0,9.49,1200
2026-03-11 09:24:34.570,20260311,92434570,000009.SZ,574067,2,0,9.34,1000
2026-03-11 09:24:35.080,20260311,92435080,000009.SZ,574565,1,0,9.19,200
2026-03-11 09:24:37.180,20260311,92437180,000009.SZ,576690,2,0,9.19,100
2026-03-11 09:24:37.280,20260311,92437280,000009.SZ,576807,2,0,10.1,2000
2026-03-11 09:24:37.450,20260311,92437450,000009.SZ,576983,2,0,10.1,5600
2026-03-11 09:24:38.180,20260311,92438180,000009.SZ,577714,1,0,9.04,17200
2026-03-11 09:24:38.250,20260311,92438250,000009.SZ,577809,2,0,9.35,700
2026-03-11 09:24:39.390,20260311,92439390,000009.SZ,579250,2,0,8.26,100
2026-03-11 09:24:39.540,20260311,92439540,000009.SZ,579443,2,0,9.3,5000
2026-03-11 09:24:41.160,20260311,92441160,000009.SZ,581127,2,0,9.46,5000
2026-03-11 09:24:44.590,20260311,92444590,000009.SZ,584584,2,0,9.18,500
2026-03-11 09:24:45.220,20260311,92445220,000009.SZ,585276,1,0,9.17,1000
2026-03-11 09:24:45.780,20260311,92445780,000009.SZ,585862,2,0,9.97,800
2026-03-11 09:24:45.890,20260311,92445890,000009.SZ,586001,2,0,9.35,5000
2026-03-11 09:24:47.170,20260311,92447170,000009.SZ,587551,1,0,9.1,5000
2026-03-11 09:24:47.900,20260311,92447900,000009.SZ,588375,1,0,9.22,5400
2026-03-11 09:24:48.400,20260311,92448400,000009.SZ,589041,2,0,8.26,100
2026-03-11 09:24:48.840,20260311,92448840,000009.SZ,589641,2,0,9.94,26300
2026-03-11 09:24:49.560,20260311,92449560,000009.SZ,590653,1,0,9.24,2900
2026-03-11 09:24:49.860,20260311,92449860,000009.SZ,591182,1,0,9.19,1400
2026-03-11 09:24:50.180,20260311,92450180,000009.SZ,591954,2,0,9.18,700
2026-03-11 09:24:50.720,20260311,92450720,000009.SZ,592784,1,0,9.1,3000
2026-03-11 09:24:50.780,20260311,92450780,000009.SZ,592887,2,0,9.18,2800
2026-03-11 09:24:51.020,20260311,92451020,000009.SZ,593276,2,0,9.18,600
2026-03-11 09:24:51.180,20260311,92451180,000009.SZ,593502,2,0,9.18,800
2026-03-11 09:24:51.930,20260311,92451930,000009.SZ,594675,2,0,9.05,400
2026-03-11 09:24:52.190,20260311,92452190,000009.SZ,595067,1,0,8.88,200
2026-03-11 09:24:52.660,20260311,92452660,000009.SZ,595652,1,0,9.1,200
2026-03-11 09:24:53.080,20260311,92453080,000009.SZ,596202,2,0,9.56,5000
2026-03-11 09:24:53.840,20260311,92453840,000009.SZ,597544,2,0,9.45,5000
2026-03-11 09:24:53.930,20260311,92453930,000009.SZ,597702,2,0,9.05,200
2026-03-11 09:24:54.030,20260311,92454030,000009.SZ,597854,2,0,9.18,100
2026-03-11 09:24:54.320,20260311,92454320,000009.SZ,598346,1,0,9.47,500
2026-03-11 09:24:54.580,20260311,92454580,000009.SZ,598849,1,0,9.32,3600
2026-03-11 09:24:54.790,20260311,92454790,000009.SZ,599218,1,0,8.84,200
2026-03-11 09:24:55.080,20260311,92455080,000009.SZ,599898,1,0,9.0,1000
2026-03-11 09:24:55.380,20260311,92455380,000009.SZ,600581,2,0,9.29,300
2026-03-11 09:24:55.830,20260311,92455830,000009.SZ,601526,1,0,9.28,300
2026-03-11 09:24:55.900,20260311,92455900,000009.SZ,601654,2,0,9.19,2000
2026-03-11 09:24:55.980,20260311,92455980,000009.SZ,601886,1,0,9.28,1000
2026-03-11 09:24:56.620,20260311,92456620,000009.SZ,603879,2,0,9.3,3200
2026-03-11 09:24:56.680,20260311,92456680,000009.SZ,604035,2,0,9.09,21200
2026-03-11 09:24:56.780,20260311,92456780,000009.SZ,604315,1,0,9.28,100
2026-03-11 09:24:57.180,20260311,92457180,000009.SZ,605532,2,0,9.16,6300
2026-03-11 09:24:57.190,20260311,92457190,000009.SZ,605608,1,0,9.19,100
2026-03-11 09:24:57.200,20260311,92457200,000009.SZ,605658,1,0,9.19,300
2026-03-11 09:24:57.400,20260311,92457400,000009.SZ,606316,2,0,8.26,1900
2026-03-11 09:24:58.360,20260311,92458360,000009.SZ,609317,2,0,9.09,16000
2026-03-11 09:24:58.600,20260311,92458600,000009.SZ,610602,2,0,9.18,5200
2026-03-11 09:24:58.950,20260311,92458950,000009.SZ,612053,2,0,9.3,200
2026-03-11 09:24:59.180,20260311,92459180,000009.SZ,612913,2,0,9.33,3000
2026-03-11 09:24:59.520,20260311,92459520,000009.SZ,614703,2,0,9.03,2100
2026-03-11 09:24:59.550,20260311,92459550,000009.SZ,615027,2,0,10.1,500
2026-03-11 09:24:59.790,20260311,92459790,000009.SZ,616954,2,0,9.5,5000
2026-03-11 09:30:00.030,20260311,93000030,000009.SZ,717451,2,0,9.17,200
2026-03-11 09:30:00.030,20260311,93000030,000009.SZ,717611,2,0,9.56,10000
2026-03-11 09:30:00.040,20260311,93000040,000009.SZ,721947,2,0,9.19,300
2026-03-11 09:30:00.040,20260311,93000040,000009.SZ,723399,2,0,9.18,1100
2026-03-11 09:30:00.040,20260311,93000040,000009.SZ,723928,1,0,9.18,1000
2026-03-11 09:30:00.040,20260311,93000040,000009.SZ,724047,2,0,9.45,200
2026-03-11 09:30:00.040,20260311,93000040,000009.SZ,724691,2,0,9.17,600
2026-03-11 09:30:00.040,20260311,93000040,000009.SZ,724786,1,0,9.19,1000
2026-03-11 09:30:00.040,20260311,93000040,000009.SZ,726158,2,0,9.17,400
2026-03-11 09:30:00.050,20260311,93000050,000009.SZ,728157,2,0,9.3,1000
2026-03-11 09:30:00.050,20260311,93000050,000009.SZ,729854,1,0,9.0,2000
2026-03-11 09:30:00.050,20260311,93000050,000009.SZ,732023,1,0,9.1,1000
2026-03-11 09:30:00.060,20260311,93000060,000009.SZ,735805,2,0,9.17,400
2026-03-11 09:30:00.060,20260311,93000060,000009.SZ,736422,2,0,10.0,2300
2026-03-11 09:30:00.060,20260311,93000060,000009.SZ,738959,2,0,9.33,3000
2026-03-11 09:30:00.070,20260311,93000070,000009.SZ,740609,1,0,8.81,1000
2026-03-11 09:30:00.070,20260311,93000070,000009.SZ,743794,2,0,9.18,10000
2026-03-11 09:30:00.080,20260311,93000080,000009.SZ,744819,2,0,9.55,5000
2026-03-11 09:30:00.080,20260311,93000080,000009.SZ,746827,1,0,8.85,400
2026-03-11 09:30:00.090,20260311,93000090,000009.SZ,750580,1,0,9.18,1400
2026-03-11 09:30:00.090,20260311,93000090,000009.SZ,751214,1,0,9.1,500
2026-03-11 09:30:00.090,20260311,93000090,000009.SZ,754709,2,0,9.28,500
2026-03-11 09:30:00.090,20260311,93000090,000009.SZ,754785,1,0,9.0,1000
2026-03-11 09:30:00.100,20260311,93000100,000009.SZ,755695,2,0,10.1,1000
2026-03-11 09:30:00.100,20260311,93000100,000009.SZ,756784,2,0,9.7,5000
2026-03-11 09:30:00.100,20260311,93000100,000009.SZ,757461,1,0,9.12,100
2026-03-11 09:30:00.100,20260311,93000100,000009.SZ,758730,2,0,9.75,5000
2026-03-11 09:30:00.100,20260311,93000100,000009.SZ,759329,2,0,9.17,22000
2026-03-11 09:30:00.110,20260311,93000110,000009.SZ,760596,2,0,9.36,6000
2026-03-11 09:30:00.110,20260311,93000110,000009.SZ,760870,1,0,9.0,300
2026-03-11 09:30:00.110,20260311,93000110,000009.SZ,761606,2,0,9.35,1000
2026-03-11 09:30:00.110,20260311,93000110,000009.SZ,762119,2,0,9.28,4000
2026-03-11 09:30:00.120,20260311,93000120,000009.SZ,766554,2,0,9.25,500
2026-03-11 09:30:00.120,20260311,93000120,000009.SZ,766636,2,0,9.19,1000
2026-03-11 09:30:00.120,20260311,93000120,000009.SZ,767657,1,0,8.63,3000
2026-03-11 09:30:00.120,20260311,93000120,000009.SZ,769851,1,0,9.06,500
2026-03-11 09:30:00.130,20260311,93000130,000009.SZ,773642,2,0,10.1,1000
2026-03-11 09:30:00.130,20260311,93000130,000009.SZ,773666,2,0,9.5,200
2026-03-11 09:30:00.130,20260311,93000130,000009.SZ,774461,2,0,9.6,5000
2026-03-11 09:30:00.140,20260311,93000140,000009.SZ,779612,2,0,10.0,1000
2026-03-11 09:30:00.140,20260311,93000140,000009.SZ,783150,2,0,10.1,3300
2026-03-11 09:30:00.150,20260311,93000150,000009.SZ,785324,2,0,9.36,1000
2026-03-11 09:30:00.150,20260311,93000150,000009.SZ,785566,2,0,9.65,5000
2026-03-11 09:30:00.150,20260311,93000150,000009.SZ,785818,1,0,9.11,8700
2026-03-11 09:30:00.150,20260311,93000150,000009.SZ,787981,1,0,9.1,900
2026-03-11 09:30:00.160,20260311,93000160,000009.SZ,791408,2,0,10.1,700
2026-03-11 09:30:00.160,20260311,93000160,000009.SZ,792757,2,0,9.3,1000
2026-03-11 09:30:00.160,20260311,93000160,000009.SZ,793610,2,0,9.5,300
2026-03-11 09:30:00.160,20260311,93000160,000009.SZ,794170,2,0,9.8,4300
2026-03-11 09:30:00.160,20260311,93000160,000009.SZ,794436,2,0,9.29,400
2026-03-11 09:30:00.160,20260311,93000160,000009.SZ,795505,2,0,9.6,3300
2026-03-11 09:30:00.170,20260311,93000170,000009.SZ,796265,2,0,9.39,2000
2026-03-11 09:30:00.170,20260311,93000170,000009.SZ,797822,2,0,9.18,5000
2026-03-11 09:30:00.170,20260311,93000170,000009.SZ,798402,2,0,9.18,5500
2026-03-11 09:30:00.170,20260311,93000170,000009.SZ,799782,2,0,9.9,5200
2026-03-11 09:30:00.170,20260311,93000170,000009.SZ,800180,2,0,10.1,300
2026-03-11 09:30:00.180,20260311,93000180,000009.SZ,801655,1,0,9.05,800
2026-03-11 09:30:00.180,20260311,93000180,000009.SZ,803289,2,0,9.59,1500
2026-03-11 09:30:00.180,20260311,93000180,000009.SZ,805133,2,0,9.36,1000
2026-03-11 09:30:00.180,20260311,93000180,000009.SZ,805232,1,0,9.1,2000
2026-03-11 09:30:00.200,20260311,93000200,000009.SZ,812018,2,0,9.86,300
2026-03-11 09:30:00.200,20260311,93000200,000009.SZ,812486,2,0,9.24,1700
2026-03-11 09:30:00.210,20260311,93000210,000009.SZ,813585,1,0,9.18,1100
2026-03-11 09:30:00.210,20260311,93000210,000009.SZ,814041,2,0,9.51,10000
2026-03-11 09:30:00.210,20260311,93000210,000009.SZ,814248,2,0,9.25,2700
2026-03-11 09:30:00.210,20260311,93000210,000009.SZ,815427,2,0,9.27,1000
2026-03-11 09:30:00.210,20260311,93000210,000009.SZ,815576,2,0,9.65,200
2026-03-11 09:30:00.220,20260311,93000220,000009.SZ,816756,2,0,9.27,500
2026-03-11 09:30:00.220,20260311,93000220,000009.SZ,816776,2,0,10.0,600
2026-03-11 09:30:00.220,20260311,93000220,000009.SZ,817759,1,0,9.19,3500
2026-03-11 09:30:00.220,20260311,93000220,000009.SZ,818823,1,0,9.19,100
2026-03-11 09:30:00.220,20260311,93000220,000009.SZ,819688,2,0,9.18,200
2026-03-11 09:30:00.220,20260311,93000220,000009.SZ,820242,1,0,9.12,2000
2026-03-11 09:30:00.230,20260311,93000230,000009.SZ,821507,2,0,9.25,1000
2026-03-11 09:30:00.230,20260311,93000230,000009.SZ,821579,2,0,9.35,1000
2026-03-11 09:30:00.240,20260311,93000240,000009.SZ,827223,1,0,9.18,100
2026-03-11 09:30:00.250,20260311,93000250,000009.SZ,829134,2,0,9.39,2000
2026-03-11 09:30:00.250,20260311,93000250,000009.SZ,829200,2,0,9.34,200
2026-03-11 09:30:00.250,20260311,93000250,000009.SZ,829381,1,0,9.18,900
2026-03-11 09:30:00.270,20260311,93000270,000009.SZ,838088,2,0,9.18,7000
2026-03-11 09:30:00.270,20260311,93000270,000009.SZ,838389,1,0,9.08,1000
2026-03-11 09:30:00.280,20260311,93000280,000009.SZ,840808,2,0,9.38,5000
2026-03-11 09:30:00.280,20260311,93000280,000009.SZ,841402,1,0,9.1,1000
2026-03-11 09:30:00.280,20260311,93000280,000009.SZ,841602,2,0,9.48,500
2026-03-11 09:30:00.290,20260311,93000290,000009.SZ,843628,2,0,9.26,2700
2026-03-11 09:30:00.290,20260311,93000290,000009.SZ,844524,2,0,9.27,2700
2026-03-11 09:30:00.290,20260311,93000290,000009.SZ,844780,2,0,9.28,2700
2026-03-11 09:30:00.290,20260311,93000290,000009.SZ,844917,2,0,9.3,1000
2026-03-11 09:30:00.290,20260311,93000290,000009.SZ,845161,2,0,9.98,5000
2026-03-11 09:30:00.290,20260311,93000290,000009.SZ,845207,2,0,9.29,2700
2026-03-11 09:30:00.300,20260311,93000300,000009.SZ,846037,2,0,9.3,2700
2026-03-11 09:30:00.300,20260311,93000300,000009.SZ,846888,2,0,9.25,700
2026-03-11 09:30:00.300,20260311,93000300,000009.SZ,847333,1,0,9.06,1000
2026-03-11 09:30:00.300,20260311,93000300,000009.SZ,847402,2,0,9.81,3000
2026-03-11 09:30:00.300,20260311,93000300,000009.SZ,848680,2,0,9.58,1000
2026-03-11 09:30:00.310,20260311,93000310,000009.SZ,850340,2,0,10.09,272600
2026-03-11 09:30:00.310,20260311,93000310,000009.SZ,850387,2,0,9.28,200
2026-03-11 09:30:00.320,20260311,93000320,000009.SZ,851914,2,0,9.19,400
2026-03-11 09:30:00.330,20260311,93000330,000009.SZ,854520,2,0,9.16,80000
2026-03-11 09:30:00.330,20260311,93000330,000009.SZ,854675,1,0,8.97,2000
2026-03-11 09:30:00.330,20260311,93000330,000009.SZ,856935,2,0,9.21,500
2026-03-11 09:30:00.340,20260311,93000340,000009.SZ,857590,2,0,9.31,2700
2026-03-11 09:30:00.340,20260311,93000340,000009.SZ,858448,1,0,9.14,2800
2026-03-11 09:30:00.340,20260311,93000340,000009.SZ,858487,1,0,9.13,2700
2026-03-11 09:30:00.340,20260311,93000340,000009.SZ,858742,1,0,9.09,3100
2026-03-11 09:30:00.350,20260311,93000350,000009.SZ,862344,2,0,9.37,400
2026-03-11 09:30:00.370,20260311,93000370,000009.SZ,866976,2,0,9.5,3000
2026-03-11 09:30:00.370,20260311,93000370,000009.SZ,867034,2,0,9.25,1200
2026-03-11 09:30:00.410,20260311,93000410,000009.SZ,874840,1,0,8.4,500
2026-03-11 09:30:00.410,20260311,93000410,000009.SZ,876515,2,0,9.42,1200
2026-03-11 09:30:00.420,20260311,93000420,000009.SZ,877155,2,0,9.34,3300
2026-03-11 09:30:00.420,20260311,93000420,000009.SZ,877266,1,0,9.07,1000
2026-03-11 09:30:00.420,20260311,93000420,000009.SZ,877551,2,0,9.5,400
2026-03-11 09:30:00.420,20260311,93000420,000009.SZ,878496,2,0,9.16,100
2026-03-11 09:30:00.430,20260311,93000430,000009.SZ,878605,2,0,9.49,1500
2026-03-11 09:30:00.430,20260311,93000430,000009.SZ,880776,2,0,9.47,2000
2026-03-11 09:30:00.430,20260311,93000430,000009.SZ,880869,2,0,10.09,5000
2026-03-11 09:30:00.440,20260311,93000440,000009.SZ,881386,1,0,9.04,1000
2026-03-11 09:30:00.440,20260311,93000440,000009.SZ,882057,2,0,9.68,5000
2026-03-11 09:30:00.440,20260311,93000440,000009.SZ,882243,2,0,9.44,10000
2026-03-11 09:30:00.440,20260311,93000440,000009.SZ,882676,1,0,9.24,1500
2026-03-11 09:30:00.450,20260311,93000450,000009.SZ,883405,1,0,9.19,700
2026-03-11 09:30:00.450,20260311,93000450,000009.SZ,884136,1,0,9.11,2200
2026-03-11 09:30:00.460,20260311,93000460,000009.SZ,885339,2,0,9.25,2000
2026-03-11 09:30:00.460,20260311,93000460,000009.SZ,885714,1,0,9.09,2000
2026-03-11 09:30:00.460,20260311,93000460,000009.SZ,885850,2,0,9.18,100
2026-03-11 09:30:00.460,20260311,93000460,000009.SZ,886411,1,0,9.08,2000
2026-03-11 09:30:00.470,20260311,93000470,000009.SZ,886693,1,0,9.15,5500
2026-03-11 09:30:00.470,20260311,93000470,000009.SZ,887059,1,0,9.07,2000
2026-03-11 09:30:00.470,20260311,93000470,000009.SZ,887382,2,0,9.18,300
2026-03-11 09:30:00.470,20260311,93000470,000009.SZ,887666,1,0,9.1,1000
2026-03-11 09:30:00.470,20260311,93000470,000009.SZ,887860,2,0,9.48,2000
2026-03-11 09:30:00.470,20260311,93000470,000009.SZ,888317,1,0,9.11,1000
2026-03-11 09:30:00.480,20260311,93000480,000009.SZ,889200,1,0,9.12,1000
2026-03-11 09:30:00.480,20260311,93000480,000009.SZ,889801,1,0,9.18,300
2026-03-11 09:30:00.490,20260311,93000490,000009.SZ,891346,1,0,9.0,200
2026-03-11 09:30:00.490,20260311,93000490,000009.SZ,892017,2,0,9.38,1000
2026-03-11 09:30:00.490,20260311,93000490,000009.SZ,892566,2,0,9.8,1000
2026-03-11 09:30:00.500,20260311,93000500,000009.SZ,893310,2,0,9.18,300
2026-03-11 09:30:00.500,20260311,93000500,000009.SZ,893930,2,0,9.18,2000
2026-03-11 09:30:00.510,20260311,93000510,000009.SZ,894913,2,0,9.37,11500
2026-03-11 09:30:00.510,20260311,93000510,000009.SZ,895096,2,0,9.18,100
2026-03-11 09:30:00.520,20260311,93000520,000009.SZ,896273,2,0,9.54,2000
2026-03-11 09:30:00.520,20260311,93000520,000009.SZ,897090,2,0,9.49,1400
2026-03-11 09:30:00.520,20260311,93000520,000009.SZ,897409,2,0,9.21,500
2026-03-11 09:30:00.520,20260311,93000520,000009.SZ,897582,2,0,9.18,1700
2026-03-11 09:30:00.540,20260311,93000540,000009.SZ,900499,2,0,10.0,2000
2026-03-11 09:30:00.540,20260311,93000540,000009.SZ,900820,1,0,9.19,400
2026-03-11 09:30:00.540,20260311,93000540,000009.SZ,901546,2,0,9.18,200
2026-03-11 09:30:00.540,20260311,93000540,000009.SZ,901808,2,0,10.1,200
2026-03-11 09:30:00.550,20260311,93000550,000009.SZ,902272,2,0,9.38,500
2026-03-11 09:30:00.550,20260311,93000550,000009.SZ,903677,1,0,8.94,1000
2026-03-11 09:30:00.550,20260311,93000550,000009.SZ,903783,1,0,8.9,1000
2026-03-11 09:30:00.570,20260311,93000570,000009.SZ,907057,2,0,9.68,800
2026-03-11 09:30:00.580,20260311,93000580,000009.SZ,908898,2,0,9.6,3000
2026-03-11 09:30:00.580,20260311,93000580,000009.SZ,908975,2,0,9.24,2000
2026-03-11 09:30:00.580,20260311,93000580,000009.SZ,909053,1,0,8.8,3000
2026-03-11 09:30:00.590,20260311,93000590,000009.SZ,910150,1,0,9.11,4300
2026-03-11 09:30:00.590,20260311,93000590,000009.SZ,910461,1,0,8.91,11400
2026-03-11 09:30:00.590,20260311,93000590,000009.SZ,910532,2,0,9.19,9700
2026-03-11 09:30:00.590,20260311,93000590,000009.SZ,910637,2,0,9.19,9700
2026-03-11 09:30:00.600,20260311,93000600,000009.SZ,912432,1,0,9.15,2300
2026-03-11 09:30:00.620,20260311,93000620,000009.SZ,915885,2,0,9.25,1000
2026-03-11 09:30:00.630,20260311,93000630,000009.SZ,917381,2,0,9.26,1000
2026-03-11 09:30:00.640,20260311,93000640,000009.SZ,919471,2,0,9.28,2000
2026-03-11 09:30:00.640,20260311,93000640,000009.SZ,919825,2,0,9.88,1400
2026-03-11 09:30:00.640,20260311,93000640,000009.SZ,920254,2,0,9.17,100
2026-03-11 09:30:00.650,20260311,93000650,000009.SZ,921060,2,0,9.36,10000
2026-03-11 09:30:00.650,20260311,93000650,000009.SZ,921101,2,0,9.8,5000
2026-03-11 09:30:00.650,20260311,93000650,000009.SZ,921641,2,0,9.48,1300
2026-03-11 09:30:00.650,20260311,93000650,000009.SZ,921697,1,0,9.05,400
2026-03-11 09:30:00.660,20260311,93000660,000009.SZ,922599,2,0,9.35,1000
2026-03-11 09:30:00.660,20260311,93000660,000009.SZ,922767,2,0,10.08,4000
2026-03-11 09:30:00.660,20260311,93000660,000009.SZ,923188,2,0,9.17,400
2026-03-11 09:30:00.660,20260311,93000660,000009.SZ,923241,2,0,9.5,500
2026-03-11 09:30:00.670,20260311,93000670,000009.SZ,924682,2,0,9.18,4600
2026-03-11 09:30:00.670,20260311,93000670,000009.SZ,925332,2,0,9.26,5400
2026-03-11 09:30:00.670,20260311,93000670,000009.SZ,925668,2,0,9.31,2000
2026-03-11 09:30:00.720,20260311,93000720,000009.SZ,933697,1,0,9.1,300
2026-03-11 09:30:00.730,20260311,93000730,000009.SZ,934876,1,0,9.1,2400
2026-03-11 09:30:00.730,20260311,93000730,000009.SZ,935036,2,0,9.72,600
2026-03-11 09:30:00.730,20260311,93000730,000009.SZ,935689,2,0,9.92,1000
2026-03-11 09:30:00.730,20260311,93000730,000009.SZ,936103,2,0,10.08,2000
2026-03-11 09:30:00.740,20260311,93000740,000009.SZ,937345,2,0,10.1,5000
2026-03-11 09:30:00.740,20260311,93000740,000009.SZ,937680,2,0,9.79,8500
2026-03-11 09:30:00.750,20260311,93000750,000009.SZ,939828,1,0,8.79,1000
2026-03-11 09:30:00.760,20260311,93000760,000009.SZ,942216,1,0,9.18,1900
2026-03-11 09:30:00.760,20260311,93000760,000009.SZ,942233,1,0,8.93,1000
2026-03-11 09:30:00.770,20260311,93000770,000009.SZ,943613,1,0,9.1,3300
2026-03-11 09:30:00.770,20260311,93000770,000009.SZ,943740,1,0,9.18,1700
2026-03-11 09:30:00.780,20260311,93000780,000009.SZ,944996,1,0,9.19,1000
2026-03-11 09:30:00.810,20260311,93000810,000009.SZ,948344,1,0,9.18,400
2026-03-11 09:30:00.810,20260311,93000810,000009.SZ,949365,2,0,9.98,500
2026-03-11 09:30:00.830,20260311,93000830,000009.SZ,951563,2,0,9.4,2000
2026-03-11 09:30:00.840,20260311,93000840,000009.SZ,952611,2,0,9.8,500
2026-03-11 09:30:00.850,20260311,93000850,000009.SZ,953570,1,0,9.16,900
2026-03-11 09:30:00.850,20260311,93000850,000009.SZ,954134,2,0,10.08,4600
2026-03-11 09:30:00.880,20260311,93000880,000009.SZ,957617,2,0,9.38,500
2026-03-11 09:30:00.890,20260311,93000890,000009.SZ,958284,2,0,9.29,400
2026-03-11 09:30:00.890,20260311,93000890,000009.SZ,958907,1,0,8.3,600
2026-03-11 09:30:00.910,20260311,93000910,000009.SZ,962124,2,0,9.32,600
2026-03-11 09:30:00.920,20260311,93000920,000009.SZ,962663,2,0,9.87,100
2026-03-11 09:30:00.930,20260311,93000930,000009.SZ,964129,2,0,9.39,1000
2026-03-11 09:30:00.970,20260311,93000970,000009.SZ,969290,2,0,9.3,300
2026-03-11 09:30:00.990,20260311,93000990,000009.SZ,972435,1,0,8.81,200
2026-03-11 09:30:00.990,20260311,93000990,000009.SZ,972566,2,0,9.8,500
2026-03-11 09:30:01.000,20260311,93001000,000009.SZ,973517,2,0,9.35,1000
2026-03-11 09:30:01.000,20260311,93001000,000009.SZ,973682,2,0,9.59,600
2026-03-11 09:30:01.000,20260311,93001000,000009.SZ,973865,2,0,9.18,500
2026-03-11 09:30:01.050,20260311,93001050,000009.SZ,979638,2,0,9.32,13000
2026-03-11 09:30:01.070,20260311,93001070,000009.SZ,981780,1,0,9.01,800
2026-03-11 09:30:01.100,20260311,93001100,000009.SZ,984673,2,0,9.38,900
2026-03-11 09:30:01.110,20260311,93001110,000009.SZ,986950,1,0,9.15,500
2026-03-11 09:30:01.120,20260311,93001120,000009.SZ,987769,2,0,9.17,100
2026-03-11 09:30:01.120,20260311,93001120,000009.SZ,987895,2,0,9.3,500
2026-03-11 09:30:01.120,20260311,93001120,000009.SZ,987986,2,0,10.1,1600
2026-03-11 09:30:01.120,20260311,93001120,000009.SZ,988374,1,0,9.16,100
2026-03-11 09:30:01.120,20260311,93001120,000009.SZ,988584,1,0,9.16,400
2026-03-11 09:30:01.130,20260311,93001130,000009.SZ,989355,1,0,9.16,400
2026-03-11 09:30:01.130,20260311,93001130,000009.SZ,989899,2,0,9.42,300
2026-03-11 09:30:01.140,20260311,93001140,000009.SZ,990878,1,0,9.16,500
2026-03-11 09:30:01.140,20260311,93001140,000009.SZ,990972,1,0,9.11,5600
2026-03-11 09:30:01.150,20260311,93001150,000009.SZ,992607,2,0,9.16,900
2026-03-11 09:30:01.160,20260311,93001160,000009.SZ,993015,2,0,9.26,300
2026-03-11 09:30:01.170,20260311,93001170,000009.SZ,994169,1,0,9.19,3000
2026-03-11 09:30:01.170,20260311,93001170,000009.SZ,994602,1,0,9.16,100
2026-03-11 09:30:01.170,20260311,93001170,000009.SZ,994632,1,0,9.18,500
2026-03-11 09:30:01.170,20260311,93001170,000009.SZ,994828,1,0,9.16,300
2026-03-11 09:30:01.180,20260311,93001180,000009.SZ,995624,2,0,9.26,1000
2026-03-11 09:30:01.190,20260311,93001190,000009.SZ,996822,2,0,10.0,1000
2026-03-11 09:30:01.190,20260311,93001190,000009.SZ,997040,1,0,9.14,600
2026-03-11 09:30:01.210,20260311,93001210,000009.SZ,999619,2,0,9.19,100
2026-03-11 09:30:01.220,20260311,93001220,000009.SZ,999826,2,0,9.16,2600
2026-03-11 09:30:01.220,20260311,93001220,000009.SZ,999925,2,0,9.16,1000
2026-03-11 09:30:01.220,20260311,93001220,000009.SZ,999926,2,0,9.16,1500
2026-03-11 09:30:01.220,20260311,93001220,000009.SZ,999996,2,0,9.16,600
2026-03-11 09:30:01.220,20260311,93001220,000009.SZ,1000001,2,0,9.16,700
2026-03-11 09:30:01.220,20260311,93001220,000009.SZ,1000057,2,0,9.16,600
2026-03-11 09:30:01.230,20260311,93001230,000009.SZ,1001185,2,0,9.16,100
2026-03-11 09:30:01.230,20260311,93001230,000009.SZ,1001347,2,0,9.17,1700
