timestamp,date,stamp,code,match_no,bs_flag,bid_order_no,ask_order_no,match_price,match_volume,match_amount
2026-04-01 09:15:01.160,20260401,91501160,000009.SZ,166484,-1,166481,0,0.0,100,0.0
2026-04-01 09:15:02.580,20260401,91502580,000009.SZ,222435,-1,0,222431,0.0,600,0.0
2026-04-01 09:15:02.680,20260401,91502680,000009.SZ,224627,-1,0,85813,0.0,2500,0.0
2026-04-01 09:16:47.140,20260401,91647140,000009.SZ,279911,-1,0,275851,0.0,4400,0.0
2026-04-01 09:16:54.350,20260401,91654350,000009.SZ,282261,-1,0,224446,0.0,1200,0.0
2026-04-01 09:17:19.650,20260401,91719650,000009.SZ,290672,-1,0,248859,0.0,100,0.0
2026-04-01 09:18:33.490,20260401,91833490,000009.SZ,317662,-1,0,306327,0.0,6400,0.0
2026-04-01 09:18:38.440,20260401,91838440,000009.SZ,319585,-1,0,307259,0.0,500,0.0
2026-04-01 09:19:07.700,20260401,91907700,000009.SZ,331411,-1,0,104017,0.0,3900,0.0
2026-04-01 09:19:25.230,20260401,91925230,000009.SZ,338935,-1,0,314638,0.0,800,0.0
2026-04-01 09:25:00.000,20260401,92500000,000009.SZ,555856,1,534182,358001,8.93,2000,17860.0
2026-04-01 09:25:00.000,20260401,92500000,000009.SZ,555857,1,534182,381840,8.93,1000,8930.0
2026-04-01 09:25:00.000,20260401,92500000,000009.SZ,555858,1,534182,458143,8.93,300,2679.0
2026-04-01 09:25:00.000,20260401,92500000,000009.SZ,555859,1,534182,475325,8.93,100,893.0
2026-04-01 09:25:00.000,20260401,92500000,000009.SZ,555860,1,534182,354871,8.93,100,893.0
2026-04-01 09:25:00.000,20260401,92500000,000009.SZ,555861,1,534182,354892,8.93,100,893.0
2026-04-01 09:25:00.000,20260401,92500000,000009.SZ,555862,1,534182,501813,8.93,200,1786.0
2026-04-01 09:25:00.000,20260401,92500000,000009.SZ,555863,1,534182,248381,8.93,200,1786.0
2026-04-01 09:25:00.000,20260401,92500000,000009.SZ,555864,1,534182,525726,8.93,100,893.0
2026-04-01 09:25:00.000,20260401,92500000,000009.SZ,555865,1,534182,49237,8.93,600,5358.0
2026-04-01 09:25:00.000,20260401,92500000,000009.SZ,555866,1,534182,105148,8.93,100,893.0
2026-04-01 09:25:00.000,20260401,92500000,000009.SZ,555867,1,534182,157916,8.93,100,893.0
2026-04-01 09:25:00.000,20260401,92500000,000009.SZ,555868,1,534182,195773,8.93,1000,8930.0
2026-04-01 09:25:00.000,20260401,92500000,000009.SZ,555869,1,534182,220218,8.93,100,893.0
2026-04-01 09:25:00.000,20260401,92500000,000009.SZ,555870,1,534182,235892,8.93,3700,33041.0
2026-04-01 09:25:00.000,20260401,92500000,000009.SZ,555871,1,553111,235892,8.93,2000,17860.0
2026-04-01 09:25:00.000,20260401,92500000,000009.SZ,555872,1,553111,267822,8.93,100,893.0
2026-04-01 09:25:00.000,20260401,92500000,000009.SZ,555873,1,553111,493898,8.93,1300,11609.0
2026-04-01 09:25:00.000,20260401,92500000,000009.SZ,555874,1,553111,515668,8.93,100,893.0
2026-04-01 09:25:00.000,20260401,92500000,000009.SZ,555875,1,553111,515672,8.93,1000,8930.0
2026-04-01 09:25:00.000,20260401,92500000,000009.SZ,555876,1,553111,515673,8.93,200,1786.0
2026-04-01 09:25:00.000,20260401,92500000,000009.SZ,555877,1,553111,515674,8.93,100,893.0
2026-04-01 09:25:00.000,20260401,92500000,000009.SZ,555878,1,553111,184219,8.93,1100,9823.0
2026-04-01 09:25:00.000,20260401,92500000,000009.SZ,555879,1,553111,254693,8.93,200,1786.0
2026-04-01 09:25:00.000,20260401,92500000,000009.SZ,555880,1,553111,313159,8.93,200,1786.0
2026-04-01 09:25:00.000,20260401,92500000,000009.SZ,555881,1,553111,325310,8.93,500,4465.0
2026-04-01 09:25:00.000,20260401,92500000,000009.SZ,555882,1,553111,363667,8.93,300,2679.0
2026-04-01 09:25:00.000,20260401,92500000,000009.SZ,555883,1,553111,388418,8.93,500,4465.0
2026-04-01 09:25:00.000,20260401,92500000,000009.SZ,555884,1,553111,413102,8.93,200,1786.0
2026-04-01 09:25:00.000,20260401,92500000,000009.SZ,555885,1,553111,429163,8.93,1200,10716.0
2026-04-01 09:25:00.000,20260401,92500000,000009.SZ,555886,1,550228,429163,8.93,700,6251.0
2026-04-01 09:25:00.000,20260401,92500000,000009.SZ,555887,1,490143,429163,8.93,1100,9823.0
2026-04-01 09:25:00.000,20260401,92500000,000009.SZ,555888,1,537301,429163,8.93,2000,17860.0
2026-04-01 09:25:00.000,20260401,92500000,000009.SZ,555889,1,537301,465979,8.93,200,1786.0
2026-04-01 09:25:00.000,20260401,92500000,000009.SZ,555890,1,487252,465979,8.93,200,1786.0
2026-04-01 09:25:00.000,20260401,92500000,000009.SZ,555891,2,444922,465979,8.93,200,1786.0
2026-04-01 09:25:00.000,20260401,92500000,000009.SZ,555892,1,549625,465979,8.93,100,893.0
2026-04-01 09:25:00.000,20260401,92500000,000009.SZ,555893,1,528755,465979,8.93,300,2679.0
2026-04-01 09:25:00.000,20260401,92500000,000009.SZ,555894,1,528755,473118,8.93,1600,14288.0
2026-04-01 09:25:00.000,20260401,92500000,000009.SZ,555895,1,528755,269494,8.93,100,893.0
2026-04-01 09:25:00.000,20260401,92500000,000009.SZ,555896,1,528755,352690,8.93,4200,37506.0
2026-04-01 09:25:00.000,20260401,92500000,000009.SZ,555897,1,551876,352690,8.93,1100,9823.0
2026-04-01 09:25:00.000,20260401,92500000,000009.SZ,555898,1,402772,352690,8.93,4700,41971.0
2026-04-01 09:25:00.000,20260401,92500000,000009.SZ,555899,1,402772,374091,8.93,100,893.0
2026-04-01 09:25:00.000,20260401,92500000,000009.SZ,555900,1,466712,374091,8.93,200,1786.0
2026-04-01 09:25:00.000,20260401,92500000,000009.SZ,555901,1,473545,374091,8.93,600,5358.0
2026-04-01 09:25:00.000,20260401,92500000,000009.SZ,555902,1,473545,350502,8.93,1000,8930.0
2026-04-01 09:25:00.000,20260401,92500000,000009.SZ,555903,1,473545,448761,8.93,400,3572.0
2026-04-01 09:25:00.000,20260401,92500000,000009.SZ,555904,1,493024,448761,8.93,1000,8930.0
2026-04-01 09:25:00.000,20260401,92500000,000009.SZ,555905,1,448869,448761,8.93,300,2679.0
2026-04-01 09:25:00.000,20260401,92500000,000009.SZ,555906,1,515124,448761,8.93,500,4465.0
2026-04-01 09:25:00.000,20260401,92500000,000009.SZ,555907,1,548346,448761,8.93,800,7144.0
2026-04-01 09:25:00.000,20260401,92500000,000009.SZ,555908,2,315601,448761,8.93,200,1786.0
2026-04-01 09:25:00.000,20260401,92500000,000009.SZ,555909,1,532852,448761,8.93,2100,18753.0
2026-04-01 09:30:00.030,20260401,93000030,000009.SZ,651020,1,651019,448761,8.93,200,1786.0
2026-04-01 09:30:00.040,20260401,93000040,000009.SZ,655498,-1,543923,0,0.0,5200,0.0
2026-04-01 09:30:00.080,20260401,93000080,000009.SZ,677926,1,677925,448761,8.93,600,5358.0
2026-04-01 09:30:00.080,20260401,93000080,000009.SZ,678229,1,678228,448761,8.93,3000,26790.0
2026-04-01 09:30:00.090,20260401,93000090,000009.SZ,684563,1,684562,448761,8.93,900,8037.0
2026-04-01 09:30:00.090,20260401,93000090,000009.SZ,684564,1,684562,156487,8.94,1100,9834.0
2026-04-01 09:30:00.100,20260401,93000100,000009.SZ,688190,1,688189,156487,8.94,600,5364.0
2026-04-01 09:30:00.130,20260401,93000130,000009.SZ,708705,2,692198,708704,8.93,500,4465.0
2026-04-01 09:30:00.150,20260401,93000150,000009.SZ,715943,2,692198,715942,8.93,500,4465.0
2026-04-01 09:30:00.150,20260401,93000150,000009.SZ,715944,2,697862,715942,8.93,1100,9823.0
2026-04-01 09:30:00.150,20260401,93000150,000009.SZ,715945,2,703830,715942,8.93,400,3572.0
2026-04-01 09:30:00.150,20260401,93000150,000009.SZ,716672,1,716671,156487,8.94,400,3576.0
2026-04-01 09:30:00.160,20260401,93000160,000009.SZ,724576,2,703830,724575,8.93,1000,8930.0
2026-04-01 09:30:00.190,20260401,93000190,000009.SZ,743410,2,703830,743409,8.93,1000,8930.0
2026-04-01 09:30:00.210,20260401,93000210,000009.SZ,749315,2,703830,749314,8.93,8000,71440.0
2026-04-01 09:30:00.210,20260401,93000210,000009.SZ,749316,2,717764,749314,8.93,2000,17860.0
2026-04-01 09:30:00.280,20260401,93000280,000009.SZ,773460,-1,254653,0,0.0,200,0.0
2026-04-01 09:30:00.310,20260401,93000310,000009.SZ,783336,-1,432280,0,0.0,1000,0.0
2026-04-01 09:30:00.350,20260401,93000350,000009.SZ,792520,-1,0,156487,0.0,400,0.0
2026-04-01 09:30:00.410,20260401,93000410,000009.SZ,804181,2,717764,804180,8.93,2000,17860.0
2026-04-01 09:30:00.430,20260401,93000430,000009.SZ,809436,2,717764,809435,8.93,1700,15181.0
2026-04-01 09:30:00.430,20260401,93000430,000009.SZ,809437,2,727459,809435,8.93,1300,11609.0
2026-04-01 09:30:00.450,20260401,93000450,000009.SZ,814011,1,814010,177554,8.94,500,4470.0
2026-04-01 09:30:00.480,20260401,93000480,000009.SZ,820557,-1,166593,0,0.0,3000,0.0
2026-04-01 09:30:00.490,20260401,93000490,000009.SZ,821545,-1,0,380577,0.0,1000,0.0
2026-04-01 09:30:00.500,20260401,93000500,000009.SZ,824409,1,824408,177554,8.94,200,1788.0
2026-04-01 09:30:00.500,20260401,93000500,000009.SZ,824472,1,824471,177554,8.94,200,1788.0
2026-04-01 09:30:00.510,20260401,93000510,000009.SZ,824975,1,824974,177554,8.94,100,894.0
2026-04-01 09:30:00.520,20260401,93000520,000009.SZ,829339,-1,0,32781,0.0,500,0.0
2026-04-01 09:30:00.580,20260401,93000580,000009.SZ,840644,2,825250,840643,8.94,100,894.0
2026-04-01 09:30:00.590,20260401,93000590,000009.SZ,842022,2,825250,842021,8.94,500,4470.0
2026-04-01 09:30:00.610,20260401,93000610,000009.SZ,844954,1,844953,23063,8.95,1500,13425.0
2026-04-01 09:30:00.610,20260401,93000610,000009.SZ,844955,1,844953,139850,8.95,200,1790.0
2026-04-01 09:30:00.610,20260401,93000610,000009.SZ,844956,1,844953,438326,8.95,400,3580.0
2026-04-01 09:30:00.610,20260401,93000610,000009.SZ,844957,1,844953,828022,8.95,4600,41170.0
2026-04-01 09:30:00.610,20260401,93000610,000009.SZ,844958,1,844953,837319,8.95,2000,17900.0
2026-04-01 09:30:00.630,20260401,93000630,000009.SZ,847558,2,844953,847557,8.95,700,6265.0
2026-04-01 09:30:00.720,20260401,93000720,000009.SZ,863416,2,844953,863415,8.95,100,895.0
2026-04-01 09:30:00.730,20260401,93000730,000009.SZ,865550,-1,408175,0,0.0,200,0.0
2026-04-01 09:30:00.780,20260401,93000780,000009.SZ,874810,2,844953,874809,8.95,300,2685.0
2026-04-01 09:30:00.850,20260401,93000850,000009.SZ,887539,2,844953,887538,8.95,1000,8950.0
2026-04-01 09:30:00.850,20260401,93000850,000009.SZ,887810,-1,0,152497,0.0,900,0.0
2026-04-01 09:30:00.920,20260401,93000920,000009.SZ,899441,2,844953,899440,8.95,1800,16110.0
2026-04-01 09:30:00.950,20260401,93000950,000009.SZ,905111,2,844953,905110,8.95,1000,8950.0
2026-04-01 09:30:01.000,20260401,93001000,000009.SZ,911785,1,911784,62568,8.96,500,4480.0
2026-04-01 09:30:01.000,20260401,93001000,000009.SZ,911786,1,911784,200031,8.96,200,1792.0
2026-04-01 09:30:01.000,20260401,93001000,000009.SZ,911787,1,911784,271288,8.96,100,896.0
2026-04-01 09:30:01.000,20260401,93001000,000009.SZ,911788,1,911784,514944,8.96,100,896.0
2026-04-01 09:30:01.080,20260401,93001080,000009.SZ,926318,2,844953,926317,8.95,100,895.0
2026-04-01 09:30:01.150,20260401,93001150,000009.SZ,935516,2,844953,935515,8.95,200,1790.0
2026-04-01 09:30:01.230,20260401,93001230,000009.SZ,944800,2,844953,944799,8.95,3600,32220.0
2026-04-01 09:30:01.420,20260401,93001420,000009.SZ,965984,2,844953,965983,8.95,2000,17900.0
2026-04-01 09:30:01.540,20260401,93001540,000009.SZ,979654,2,844953,979653,8.95,100,895.0
2026-04-01 09:30:01.860,20260401,93001860,000009.SZ,1012607,2,844953,1012606,8.95,800,7160.0
2026-04-01 09:30:01.950,20260401,93001950,000009.SZ,1022572,2,844953,1022571,8.95,1100,9845.0
2026-04-01 09:30:01.970,20260401,93001970,000009.SZ,1025572,2,844953,1025571,8.95,700,6265.0
2026-04-01 09:30:02.060,20260401,93002060,000009.SZ,1035040,2,844953,1035039,8.95,9100,81445.0
2026-04-01 09:30:02.400,20260401,93002400,000009.SZ,1064908,-1,232207,0,0.0,5800,0.0
2026-04-01 09:30:02.420,20260401,93002420,000009.SZ,1066295,2,844953,1066294,8.95,200,1790.0
2026-04-01 09:30:02.530,20260401,93002530,000009.SZ,1075476,-1,852214,0,0.0,1000,0.0
2026-04-01 09:30:02.590,20260401,93002590,000009.SZ,1081281,2,844953,1081280,8.95,300,2685.0
2026-04-01 09:30:02.650,20260401,93002650,000009.SZ,1085157,-1,1084612,0,0.0,500,0.0
2026-04-01 09:30:02.760,20260401,93002760,000009.SZ,1092481,2,844953,1092480,8.95,800,7160.0
2026-04-01 09:30:02.950,20260401,93002950,000009.SZ,1108137,2,844953,1108136,8.95,300,2685.0
2026-04-01 09:30:03.150,20260401,93003150,000009.SZ,1124773,2,844953,1124772,8.95,1600,14320.0
2026-04-01 09:30:03.160,20260401,93003160,000009.SZ,1125766,1,1125765,514944,8.96,200,1792.0
2026-04-01 09:30:03.210,20260401,93003210,000009.SZ,1130973,1,1130972,514944,8.96,100,896.0
2026-04-01 09:30:03.320,20260401,93003320,000009.SZ,1137797,-1,0,413326,0.0,10000,0.0
2026-04-01 09:30:03.400,20260401,93003400,000009.SZ,1146902,1,1146901,514944,8.96,100,896.0
2026-04-01 09:30:04.030,20260401,93004030,000009.SZ,1191962,2,844953,1191961,8.95,600,5370.0
2026-04-01 09:30:04.080,20260401,93004080,000009.SZ,1194583,2,844953,1194582,8.95,6200,55490.0
2026-04-01 09:30:04.110,20260401,93004110,000009.SZ,1196601,-1,1036436,0,0.0,500,0.0
2026-04-01 09:30:04.170,20260401,93004170,000009.SZ,1201222,-1,1046681,0,0.0,500,0.0
2026-04-01 09:30:04.180,20260401,93004180,000009.SZ,1202018,2,844953,1202017,8.95,600,5370.0
2026-04-01 09:30:04.270,20260401,93004270,000009.SZ,1207675,2,844953,1207674,8.95,7100,63545.0
2026-04-01 09:30:04.680,20260401,93004680,000009.SZ,1231325,2,844953,1231324,8.95,300,2685.0
2026-04-01 09:30:04.920,20260401,93004920,000009.SZ,1246665,2,844953,1246664,8.95,6500,58175.0
2026-04-01 09:30:05.010,20260401,93005010,000009.SZ,1250726,-1,280494,0,0.0,100,0.0
2026-04-01 09:30:05.070,20260401,93005070,000009.SZ,1253021,2,844953,1253020,8.95,1000,8950.0
2026-04-01 09:30:05.120,20260401,93005120,000009.SZ,1255762,2,844953,1255761,8.95,1900,17005.0
2026-04-01 09:30:05.490,20260401,93005490,000009.SZ,1271637,2,844953,1271636,8.95,1000,8950.0
2026-04-01 09:30:05.610,20260401,93005610,000009.SZ,1275588,-1,914948,0,0.0,100,0.0
2026-04-01 09:30:05.630,20260401,93005630,000009.SZ,1276190,1,1276189,514944,8.96,100,896.0
2026-04-01 09:30:05.930,20260401,93005930,000009.SZ,1286746,2,844953,1286745,8.95,500,4475.0
2026-04-01 09:30:06.090,20260401,93006090,000009.SZ,1292883,2,844953,1292882,8.95,1000,8950.0
2026-04-01 09:30:06.100,20260401,93006100,000009.SZ,1293154,2,844953,1293153,8.95,400,3580.0
2026-04-01 09:30:06.170,20260401,93006170,000009.SZ,1296764,-1,970962,0,0.0,3900,0.0
2026-04-01 09:30:06.280,20260401,93006280,000009.SZ,1299525,2,844953,1299524,8.95,1000,8950.0
2026-04-01 09:30:06.300,20260401,93006300,000009.SZ,1300545,2,844953,1300544,8.95,500,4475.0
2026-04-01 09:30:06.300,20260401,93006300,000009.SZ,1300547,2,844953,1300546,8.95,800,7160.0
2026-04-01 09:30:06.300,20260401,93006300,000009.SZ,1300550,2,844953,1300549,8.95,600,5370.0
2026-04-01 09:30:06.300,20260401,93006300,000009.SZ,1300553,2,844953,1300552,8.95,2200,19690.0
2026-04-01 09:30:06.320,20260401,93006320,000009.SZ,1302310,2,844953,1302309,8.95,11200,100240.0
2026-04-01 09:30:06.400,20260401,93006400,000009.SZ,1306896,2,844953,1306895,8.95,100,895.0
2026-04-01 09:30:07.230,20260401,93007230,000009.SZ,1341669,2,844953,1341668,8.95,3400,30430.0
2026-04-01 09:30:07.260,20260401,93007260,000009.SZ,1342238,2,844953,1342237,8.95,200,1790.0
2026-04-01 09:30:07.370,20260401,93007370,000009.SZ,1346508,1,1346507,514944,8.96,400,3584.0
2026-04-01 09:30:07.370,20260401,93007370,000009.SZ,1346509,1,1346507,689482,8.96,900,8064.0
2026-04-01 09:30:07.370,20260401,93007370,000009.SZ,1346510,1,1346507,695232,8.96,4000,35840.0
2026-04-01 09:30:07.370,20260401,93007370,000009.SZ,1346511,1,1346507,805280,8.96,200,1792.0
2026-04-01 09:30:07.390,20260401,93007390,000009.SZ,1347334,2,844953,1347333,8.95,1200,10740.0
2026-04-01 09:30:08.060,20260401,93008060,000009.SZ,1370787,2,844953,1370786,8.95,100,895.0
2026-04-01 09:30:08.150,20260401,93008150,000009.SZ,1373216,2,844953,1373215,8.95,2400,21480.0
2026-04-01 09:30:08.390,20260401,93008390,000009.SZ,1378688,1,1378687,805280,8.96,200,1792.0
2026-04-01 09:30:08.390,20260401,93008390,000009.SZ,1378689,1,1378687,903912,8.96,500,4480.0
2026-04-01 09:30:08.410,20260401,93008410,000009.SZ,1379244,2,844953,1379243,8.95,100,895.0
2026-04-01 09:30:08.520,20260401,93008520,000009.SZ,1381448,-1,883902,0,0.0,1600,0.0
2026-04-01 09:30:08.720,20260401,93008720,000009.SZ,1384001,2,844953,1384000,8.95,3000,26850.0
2026-04-01 09:30:08.840,20260401,93008840,000009.SZ,1386162,2,844953,1386161,8.95,100,895.0
2026-04-01 09:30:08.920,20260401,93008920,000009.SZ,1389173,2,844953,1389172,8.95,300,2685.0
2026-04-01 09:30:08.920,20260401,93008920,000009.SZ,1389428,2,844953,1389427,8.95,600,5370.0
2026-04-01 09:30:08.920,20260401,93008920,000009.SZ,1389430,2,844953,1389429,8.95,300,2685.0
2026-04-01 09:30:09.150,20260401,93009150,000009.SZ,1394711,2,844953,1394710,8.95,1400,12530.0
2026-04-01 09:30:09.150,20260401,93009150,000009.SZ,1394842,2,844953,1394841,8.95,3700,33115.0
2026-04-01 09:30:09.150,20260401,93009150,000009.SZ,1394847,2,844953,1394846,8.95,600,5370.0
2026-04-01 09:30:09.150,20260401,93009150,000009.SZ,1394849,2,844953,1394848,8.95,600,5370.0
2026-04-01 09:30:09.150,20260401,93009150,000009.SZ,1395100,2,844953,1395099,8.95,4000,35800.0
2026-04-01 09:30:09.150,20260401,93009150,000009.SZ,1395101,2,883762,1395099,8.95,1000,8950.0
2026-04-01 09:30:09.150,20260401,93009150,000009.SZ,1395102,2,943193,1395099,8.95,5100,45645.0
2026-04-01 09:30:09.150,20260401,93009150,000009.SZ,1395182,2,943193,1395181,8.95,900,8055.0
2026-04-01 09:30:09.150,20260401,93009150,000009.SZ,1395183,2,1126680,1395181,8.95,200,1790.0
2026-04-01 09:30:09.150,20260401,93009150,000009.SZ,1395346,2,1126680,1395345,8.95,5500,49225.0
2026-04-01 09:30:09.150,20260401,93009150,000009.SZ,1395384,2,1126680,1395383,8.95,2900,25955.0
2026-04-01 09:30:09.150,20260401,93009150,000009.SZ,1395386,2,1126680,1395385,8.95,1400,12530.0
2026-04-01 09:30:09.150,20260401,93009150,000009.SZ,1395387,2,1273660,1395385,8.95,400,3580.0
2026-04-01 09:30:09.150,20260401,93009150,000009.SZ,1395388,2,1293566,1395385,8.95,200,1790.0
2026-04-01 09:30:09.170,20260401,93009170,000009.SZ,1396284,2,825250,1396283,8.94,1900,16986.0
2026-04-01 09:30:09.170,20260401,93009170,000009.SZ,1396285,2,931873,1396283,8.94,800,7152.0
2026-04-01 09:30:09.170,20260401,93009170,000009.SZ,1396286,2,941441,1396283,8.94,1800,16092.0
2026-04-01 09:30:09.170,20260401,93009170,000009.SZ,1396287,2,1024066,1396283,8.94,800,7152.0
2026-04-01 09:30:09.190,20260401,93009190,000009.SZ,1398245,-1,0,1397763,0.0,300,0.0
2026-04-01 09:30:09.340,20260401,93009340,000009.SZ,1401473,-1,1115998,0,0.0,1200,0.0
2026-04-01 09:30:09.510,20260401,93009510,000009.SZ,1407328,1,1407327,1395385,8.95,300,2685.0
2026-04-01 09:30:09.940,20260401,93009940,000009.SZ,1419331,2,1024066,1419330,8.94,200,1788.0
2026-04-01 09:30:10.200,20260401,93010200,000009.SZ,1425776,1,1425775,1395385,8.95,200,1790.0
2026-04-01 09:30:10.200,20260401,93010200,000009.SZ,1425777,1,1425775,1395389,8.95,2900,25955.0
2026-04-01 09:30:10.200,20260401,93010200,000009.SZ,1425778,1,1425775,1395471,8.95,500,4475.0
2026-04-01 09:30:10.700,20260401,93010700,000009.SZ,1440484,-1,0,1398525,0.0,300,0.0
2026-04-01 09:30:11.180,20260401,93011180,000009.SZ,1451760,2,1024066,1451759,8.94,300,2682.0
2026-04-01 09:30:11.180,20260401,93011180,000009.SZ,1451763,1,1451762,1395471,8.95,100,895.0
2026-04-01 09:30:11.180,20260401,93011180,000009.SZ,1451764,1,1451762,1397167,8.95,200,1790.0
2026-04-01 09:30:11.800,20260401,93011800,000009.SZ,1460785,2,1024066,1460784,8.94,3700,33078.0
2026-04-01 09:30:11.800,20260401,93011800,000009.SZ,1460786,2,1033405,1460784,8.94,1000,8940.0
2026-04-01 09:30:11.800,20260401,93011800,000009.SZ,1460787,2,1037712,1460784,8.94,1200,10728.0
2026-04-01 09:30:11.890,20260401,93011890,000009.SZ,1462422,2,1037712,1462421,8.94,200,1788.0
2026-04-01 09:30:12.150,20260401,93012150,000009.SZ,1467189,2,1037712,1467188,8.94,300,2682.0
2026-04-01 09:30:12.150,20260401,93012150,000009.SZ,1467196,2,1037712,1467195,8.94,100,894.0
2026-04-01 09:30:12.150,20260401,93012150,000009.SZ,1467197,2,1039718,1467195,8.94,600,5364.0
2026-04-01 09:30:12.150,20260401,93012150,000009.SZ,1467198,2,1080681,1467195,8.94,1200,10728.0
2026-04-01 09:30:12.150,20260401,93012150,000009.SZ,1467204,2,1080681,1467203,8.94,600,5364.0
2026-04-01 09:30:12.150,20260401,93012150,000009.SZ,1467205,2,1091154,1467203,8.94,1200,10728.0
2026-04-01 09:30:12.190,20260401,93012190,000009.SZ,1468144,2,1091154,1468143,8.94,800,7152.0
2026-04-01 09:30:12.190,20260401,93012190,000009.SZ,1468183,2,1091154,1468182,8.94,700,6258.0
2026-04-01 09:30:12.190,20260401,93012190,000009.SZ,1468184,2,1110510,1468182,8.94,100,894.0
2026-04-01 09:30:12.190,20260401,93012190,000009.SZ,1468185,2,1118241,1468182,8.94,100,894.0
2026-04-01 09:30:12.190,20260401,93012190,000009.SZ,1468186,2,1120036,1468182,8.94,500,4470.0
2026-04-01 09:30:12.190,20260401,93012190,000009.SZ,1468187,2,1121858,1468182,8.94,100,894.0
2026-04-01 09:30:12.190,20260401,93012190,000009.SZ,1468188,2,1125219,1468182,8.94,4500,40230.0
2026-04-01 09:30:12.210,20260401,93012210,000009.SZ,1469125,-1,0,1440694,0.0,300,0.0
2026-04-01 09:30:12.210,20260401,93012210,000009.SZ,1469231,-1,0,1398673,0.0,100,0.0
2026-04-01 09:30:12.220,20260401,93012220,000009.SZ,1469653,2,1125219,1469652,8.94,600,5364.0
2026-04-01 09:30:12.320,20260401,93012320,000009.SZ,1472874,2,1125219,1472873,8.94,700,6258.0
2026-04-01 09:30:12.340,20260401,93012340,000009.SZ,1473680,2,1125219,1473679,8.94,100,894.0
2026-04-01 09:30:12.370,20260401,93012370,000009.SZ,1475002,2,1125219,1475001,8.94,1000,8940.0
2026-04-01 09:30:12.480,20260401,93012480,000009.SZ,1478079,2,1125219,1478078,8.94,200,1788.0
2026-04-01 09:30:12.550,20260401,93012550,000009.SZ,1480616,-1,1289061,0,0.0,500,0.0
2026-04-01 09:30:12.600,20260401,93012600,000009.SZ,1482970,2,1125219,1482969,8.94,100,894.0
2026-04-01 09:30:13.030,20260401,93013030,000009.SZ,1491949,1,1491948,1397167,8.95,200,1790.0
2026-04-01 09:30:13.030,20260401,93013030,000009.SZ,1491950,1,1491948,1397168,8.95,4500,40275.0
2026-04-01 09:30:13.070,20260401,93013070,000009.SZ,1492768,2,1125219,1492767,8.94,2000,17880.0
2026-04-01 09:30:13.080,20260401,93013080,000009.SZ,1492775,2,1125219,1492774,8.94,1400,12516.0
2026-04-01 09:30:13.080,20260401,93013080,000009.SZ,1492776,2,1195292,1492774,8.94,200,1788.0
2026-04-01 09:30:13.080,20260401,93013080,000009.SZ,1492850,2,1195301,1492849,8.94,100,894.0
2026-04-01 09:30:13.080,20260401,93013080,000009.SZ,1492851,2,1213302,1492849,8.94,800,7152.0
2026-04-01 09:30:13.080,20260401,93013080,000009.SZ,1492867,2,1213302,1492866,8.94,900,8046.0
2026-04-01 09:30:13.080,20260401,93013080,000009.SZ,1492868,2,1253624,1492866,8.94,100,894.0
2026-04-01 09:30:13.080,20260401,93013080,000009.SZ,1492869,2,1373190,1492866,8.94,2000,17880.0
2026-04-01 09:30:13.090,20260401,93013090,000009.SZ,1493263,2,1373190,1493262,8.94,500,4470.0
2026-04-01 09:30:13.190,20260401,93013190,000009.SZ,1495773,2,727459,1495772,8.93,100,893.0
2026-04-01 09:30:13.690,20260401,93013690,000009.SZ,1509124,-1,366462,0,0.0,1000,0.0
2026-04-01 09:30:14.940,20260401,93014940,000009.SZ,1531030,2,727459,1531029,8.93,1200,10716.0
2026-04-01 09:30:15.030,20260401,93015030,000009.SZ,1532402,-1,0,1424012,0.0,5700,0.0
2026-04-01 09:30:15.030,20260401,93015030,000009.SZ,1532404,-1,0,1424009,0.0,6800,0.0
2026-04-01 09:30:15.060,20260401,93015060,000009.SZ,1532769,-1,0,1423987,0.0,1500,0.0
2026-04-01 09:30:15.060,20260401,93015060,000009.SZ,1532772,-1,0,1423980,0.0,1800,0.0
2026-04-01 09:30:15.060,20260401,93015060,000009.SZ,1532792,-1,0,1424013,0.0,4900,0.0
2026-04-01 09:30:15.060,20260401,93015060,000009.SZ,1532796,-1,0,1423995,0.0,1700,0.0
2026-04-01 09:30:15.060,20260401,93015060,000009.SZ,1532798,-1,0,1423998,0.0,5600,0.0
2026-04-01 09:30:15.060,20260401,93015060,000009.SZ,1532799,-1,0,1423997,0.0,1800,0.0
2026-04-01 09:30:15.090,20260401,93015090,000009.SZ,1533257,-1,0,1423989,0.0,1800,0.0
2026-04-01 09:30:15.120,20260401,93015120,000009.SZ,1533862,-1,0,1423966,0.0,600,0.0
2026-04-01 09:30:15.120,20260401,93015120,000009.SZ,1533863,-1,0,1423964,0.0,600,0.0
2026-04-01 09:30:15.140,20260401,93015140,000009.SZ,1534193,-1,0,1424397,0.0,600,0.0
2026-04-01 09:30:15.140,20260401,93015140,000009.SZ,1534194,-1,0,1424395,0.0,800,0.0
2026-04-01 09:30:15.160,20260401,93015160,000009.SZ,1534476,-1,0,1427306,0.0,1700,0.0
2026-04-01 09:30:15.160,20260401,93015160,000009.SZ,1534478,-1,0,1427297,0.0,1800,0.0
2026-04-01 09:30:15.160,20260401,93015160,000009.SZ,1534480,-1,0,1427291,0.0,2300,0.0
2026-04-01 09:30:15.160,20260401,93015160,000009.SZ,1534497,-1,0,1427298,0.0,2300,0.0
2026-04-01 09:30:15.160,20260401,93015160,000009.SZ,1534503,-1,0,1427308,0.0,2500,0.0
2026-04-01 09:30:15.170,20260401,93015170,000009.SZ,1534635,-1,0,1427495,0.0,2600,0.0
2026-04-01 09:30:15.200,20260401,93015200,000009.SZ,1535276,-1,1280115,0,0.0,7500,0.0
2026-04-01 09:30:15.200,20260401,93015200,000009.SZ,1535294,-1,0,1427302,0.0,700,0.0
2026-04-01 09:30:15.210,20260401,93015210,000009.SZ,1535415,2,727459,1535414,8.93,2400,21432.0
2026-04-01 09:30:15.210,20260401,93015210,000009.SZ,1535416,2,741116,1535414,8.93,800,7144.0
2026-04-01 09:30:15.210,20260401,93015210,000009.SZ,1535423,-1,0,1427546,0.0,1300,0.0
2026-04-01 09:30:15.210,20260401,93015210,000009.SZ,1535441,-1,0,1397695,0.0,400,0.0
2026-04-01 09:30:15.210,20260401,93015210,000009.SZ,1535442,-1,0,1397694,0.0,600,0.0
2026-04-01 09:30:15.210,20260401,93015210,000009.SZ,1535443,-1,0,1397705,0.0,2000,0.0
2026-04-01 09:30:15.210,20260401,93015210,000009.SZ,1535444,-1,0,1397701,0.0,700,0.0
2026-04-01 09:30:15.210,20260401,93015210,000009.SZ,1535445,-1,0,1397698,0.0,400,0.0
2026-04-01 09:30:15.210,20260401,93015210,000009.SZ,1535446,-1,0,1397693,0.0,500,0.0
2026-04-01 09:30:15.230,20260401,93015230,000009.SZ,1535709,-1,0,1397169,0.0,500,0.0
2026-04-01 09:30:15.230,20260401,93015230,000009.SZ,1535712,-1,0,1397168,0.0,6700,0.0
2026-04-01 09:30:15.230,20260401,93015230,000009.SZ,1535735,-1,0,1425732,0.0,500,0.0
2026-04-01 09:30:15.240,20260401,93015240,000009.SZ,1535823,2,741116,1535822,8.93,500,4465.0
2026-04-01 09:30:15.240,20260401,93015240,000009.SZ,1535998,-1,1094473,0,0.0,2900,0.0
2026-04-01 09:30:15.240,20260401,93015240,000009.SZ,1535999,-1,1094454,0,0.0,1100,0.0
2026-04-01 09:30:15.240,20260401,93015240,000009.SZ,1536000,-1,1094479,0,0.0,2900,0.0
2026-04-01 09:30:15.240,20260401,93015240,000009.SZ,1536002,-1,1094447,0,0.0,400,0.0
2026-04-01 09:30:15.250,20260401,93015250,000009.SZ,1536003,-1,1094525,0,0.0,1400,0.0
2026-04-01 09:30:15.250,20260401,93015250,000009.SZ,1536005,-1,817776,0,0.0,900,0.0
2026-04-01 09:30:15.250,20260401,93015250,000009.SZ,1536010,-1,817775,0,0.0,1600,0.0
2026-04-01 09:30:15.250,20260401,93015250,000009.SZ,1536015,-1,1094328,0,0.0,2900,0.0
2026-04-01 09:30:15.250,20260401,93015250,000009.SZ,1536276,-1,0,1427294,0.0,1600,0.0
2026-04-01 09:30:15.250,20260401,93015250,000009.SZ,1536279,-1,0,1427301,0.0,1200,0.0
2026-04-01 09:30:15.250,20260401,93015250,000009.SZ,1536374,-1,0,1427325,0.0,800,0.0
2026-04-01 09:30:15.250,20260401,93015250,000009.SZ,1536375,-1,0,1427324,0.0,1000,0.0
2026-04-01 09:30:15.250,20260401,93015250,000009.SZ,1536434,-1,0,1427457,0.0,600,0.0
2026-04-01 09:30:15.290,20260401,93015290,000009.SZ,1537406,2,741116,1537405,8.93,100,893.0
2026-04-01 09:30:15.310,20260401,93015310,000009.SZ,1538679,-1,0,1427305,0.0,200,0.0
2026-04-01 09:30:15.340,20260401,93015340,000009.SZ,1539492,-1,0,1427605,0.0,300,0.0
2026-04-01 09:30:15.550,20260401,93015550,000009.SZ,1546010,-1,0,1470513,0.0,400,0.0
2026-04-01 09:30:15.580,20260401,93015580,000009.SZ,1548045,-1,0,1521298,0.0,2900,0.0
2026-04-01 09:30:15.590,20260401,93015590,000009.SZ,1548503,2,741116,1548502,8.93,200,1786.0
2026-04-01 09:30:15.590,20260401,93015590,000009.SZ,1548505,2,741116,1548504,8.93,700,6251.0
2026-04-01 09:30:15.610,20260401,93015610,000009.SZ,1548986,-1,233666,0,0.0,500,0.0
2026-04-01 09:30:16.290,20260401,93016290,000009.SZ,1563754,-1,0,1452639,0.0,300,0.0
2026-04-01 09:30:16.320,20260401,93016320,000009.SZ,1564477,2,741116,1564476,8.93,600,5358.0
2026-04-01 09:30:16.790,20260401,93016790,000009.SZ,1577098,2,741116,1577097,8.93,300,2679.0
2026-04-01 09:30:16.980,20260401,93016980,000009.SZ,1580279,2,741116,1580278,8.93,1200,10716.0
2026-04-01 09:30:17.180,20260401,93017180,000009.SZ,1583466,2,741116,1583465,8.93,300,2679.0
2026-04-01 09:30:17.610,20260401,93017610,000009.SZ,1589133,1,1589132,1499438,8.94,500,4470.0
2026-04-01 09:30:17.610,20260401,93017610,000009.SZ,1589134,1,1589132,1501366,8.94,100,894.0
2026-04-01 09:30:17.610,20260401,93017610,000009.SZ,1589135,1,1589132,1507369,8.94,400,3576.0
2026-04-01 09:30:17.610,20260401,93017610,000009.SZ,1589136,1,1589132,1517798,8.94,100,894.0
2026-04-01 09:30:17.610,20260401,93017610,000009.SZ,1589137,1,1589132,1517872,8.94,600,5364.0
2026-04-01 09:30:17.610,20260401,93017610,000009.SZ,1589138,1,1589132,1518551,8.94,200,1788.0
2026-04-01 09:30:17.610,20260401,93017610,000009.SZ,1589139,1,1589132,1534290,8.94,700,6258.0
2026-04-01 09:30:17.610,20260401,93017610,000009.SZ,1589140,1,1589132,1534886,8.94,800,7152.0
2026-04-01 09:30:17.610,20260401,93017610,000009.SZ,1589141,1,1589132,1542524,8.94,1200,10728.0
2026-04-01 09:30:17.610,20260401,93017610,000009.SZ,1589142,1,1589132,1542550,8.94,500,4470.0
2026-04-01 09:30:18.160,20260401,93018160,000009.SZ,1597452,2,741116,1597451,8.93,300,2679.0
2026-04-01 09:30:18.160,20260401,93018160,000009.SZ,1597453,2,746789,1597451,8.93,500,4465.0
2026-04-01 09:30:18.180,20260401,93018180,000009.SZ,1598054,2,746789,1598053,8.93,500,4465.0
2026-04-01 09:30:18.180,20260401,93018180,000009.SZ,1598055,2,760301,1598053,8.93,900,8037.0
2026-04-01 09:30:19.180,20260401,93019180,000009.SZ,1621005,1,1621004,1542550,8.94,100,894.0
2026-04-01 09:30:19.260,20260401,93019260,000009.SZ,1622882,2,760301,1622881,8.93,100,893.0
2026-04-01 09:30:19.260,20260401,93019260,000009.SZ,1622883,2,777947,1622881,8.93,100,893.0
2026-04-01 09:30:19.320,20260401,93019320,000009.SZ,1624935,-1,0,1502886,0.0,300,0.0
2026-04-01 09:30:19.620,20260401,93019620,000009.SZ,1631482,2,777947,1631481,8.93,300,2679.0
2026-04-01 09:30:19.620,20260401,93019620,000009.SZ,1631486,2,777947,1631485,8.93,300,2679.0
2026-04-01 09:30:19.830,20260401,93019830,000009.SZ,1636201,1,1636200,1542550,8.94,300,2682.0
2026-04-01 09:30:19.830,20260401,93019830,000009.SZ,1636202,1,1636200,1548685,8.94,400,3576.0
2026-04-01 09:30:19.830,20260401,93019830,000009.SZ,1636203,1,1636200,1562609,8.94,2900,25926.0
2026-04-01 09:30:19.830,20260401,93019830,000009.SZ,1636204,1,1636200,1591607,8.94,100,894.0
2026-04-01 09:30:19.830,20260401,93019830,000009.SZ,1636205,1,1636200,1600778,8.94,5500,49170.0
2026-04-01 09:30:19.830,20260401,93019830,000009.SZ,1636206,1,1636200,1600820,8.94,300,2682.0
2026-04-01 09:30:19.830,20260401,93019830,000009.SZ,1636207,1,1636200,1632295,8.94,2200,19668.0
2026-04-01 09:30:19.830,20260401,93019830,000009.SZ,1636208,1,1636200,1397664,8.95,600,5370.0
2026-04-01 09:30:19.840,20260401,93019840,000009.SZ,1636329,1,1636328,1397664,8.95,500,4475.0
2026-04-01 09:30:19.870,20260401,93019870,000009.SZ,1636774,1,1636773,1397664,8.95,600,5370.0
2026-04-01 09:30:19.870,20260401,93019870,000009.SZ,1636818,1,1636817,1397664,8.95,600,5370.0
2026-04-01 09:30:20.080,20260401,93020080,000009.SZ,1640151,1,1640150,1397664,8.95,800,7160.0
2026-04-01 09:30:20.140,20260401,93020140,000009.SZ,1641042,1,1641041,1397664,8.95,1600,14320.0
2026-04-01 09:30:20.370,20260401,93020370,000009.SZ,1644408,2,777947,1644407,8.93,300,2679.0
2026-04-01 09:30:20.370,20260401,93020370,000009.SZ,1644409,2,793117,1644407,8.93,300,2679.0
2026-04-01 09:30:20.780,20260401,93020780,000009.SZ,1649915,-1,971504,0,0.0,900,0.0
2026-04-01 09:30:21.170,20260401,93021170,000009.SZ,1656625,2,793117,1656624,8.93,8900,79477.0
2026-04-01 09:30:21.170,20260401,93021170,000009.SZ,1656651,2,793117,1656650,8.93,1700,15181.0
2026-04-01 09:30:21.180,20260401,93021180,000009.SZ,1656942,-1,0,1397664,0.0,4300,0.0
2026-04-01 09:30:21.710,20260401,93021710,000009.SZ,1670912,-1,65077,0,0.0,1400,0.0
2026-04-01 09:30:22.780,20260401,93022780,000009.SZ,1694084,2,793117,1694083,8.93,600,5358.0
2026-04-01 09:30:23.720,20260401,93023720,000009.SZ,1707053,-1,0,1527520,0.0,1200,0.0
2026-04-01 09:30:24.150,20260401,93024150,000009.SZ,1712710,-1,0,1655669,0.0,400,0.0
2026-04-01 09:30:24.150,20260401,93024150,000009.SZ,1712714,-1,0,1655627,0.0,100,0.0
2026-04-01 09:30:24.150,20260401,93024150,000009.SZ,1712717,2,793117,1712716,8.93,3500,31255.0
2026-04-01 09:30:24.150,20260401,93024150,000009.SZ,1712718,2,810062,1712716,8.93,300,2679.0
2026-04-01 09:30:24.150,20260401,93024150,000009.SZ,1712719,2,811612,1712716,8.93,500,4465.0
2026-04-01 09:30:24.150,20260401,93024150,000009.SZ,1712720,2,816108,1712716,8.93,200,1786.0
2026-04-01 09:30:24.150,20260401,93024150,000009.SZ,1712721,2,825734,1712716,8.93,900,8037.0
2026-04-01 09:30:24.150,20260401,93024150,000009.SZ,1712722,2,829397,1712716,8.93,500,4465.0
2026-04-01 09:30:24.150,20260401,93024150,000009.SZ,1712723,2,834939,1712716,8.93,500,4465.0
2026-04-01 09:30:24.150,20260401,93024150,000009.SZ,1712724,2,835340,1712716,8.93,5000,44650.0
2026-04-01 09:30:24.150,20260401,93024150,000009.SZ,1712725,2,843729,1712716,8.93,500,4465.0
2026-04-01 09:30:24.150,20260401,93024150,000009.SZ,1712726,2,847370,1712716,8.93,3000,26790.0
2026-04-01 09:30:24.150,20260401,93024150,000009.SZ,1712727,2,868039,1712716,8.93,2000,17860.0
2026-04-01 09:30:24.150,20260401,93024150,000009.SZ,1712728,2,880146,1712716,8.93,300,2679.0
2026-04-01 09:30:24.150,20260401,93024150,000009.SZ,1712729,2,891347,1712716,8.93,800,7144.0
2026-04-01 09:30:24.150,20260401,93024150,000009.SZ,1712730,2,894930,1712716,8.93,600,5358.0
2026-04-01 09:30:24.150,20260401,93024150,000009.SZ,1712731,2,898766,1712716,8.93,3900,34827.0
2026-04-01 09:30:24.150,20260401,93024150,000009.SZ,1712732,2,902143,1712716,8.93,4500,40185.0
2026-04-01 09:30:24.150,20260401,93024150,000009.SZ,1712733,2,914650,1712716,8.93,200,1786.0
2026-04-01 09:30:24.150,20260401,93024150,000009.SZ,1712734,2,922837,1712716,8.93,300,2679.0
2026-04-01 09:30:24.150,20260401,93024150,000009.SZ,1712735,2,926846,1712716,8.93,2000,17860.0
2026-04-01 09:30:24.150,20260401,93024150,000009.SZ,1712736,2,943221,1712716,8.93,100,893.0
2026-04-01 09:30:24.150,20260401,93024150,000009.SZ,1712737,2,957506,1712716,8.93,1000,8930.0
2026-04-01 09:30:24.150,20260401,93024150,000009.SZ,1712738,2,986518,1712716,8.93,1000,8930.0
2026-04-01 09:30:24.150,20260401,93024150,000009.SZ,1712739,2,1032690,1712716,8.93,2500,22325.0
2026-04-01 09:30:24.150,20260401,93024150,000009.SZ,1712740,-1,0,1655634,0.0,100,0.0
2026-04-01 09:30:24.150,20260401,93024150,000009.SZ,1712742,2,1032690,1712741,8.93,2500,22325.0
2026-04-01 09:30:24.150,20260401,93024150,000009.SZ,1712743,2,1039212,1712741,8.93,1000,8930.0
2026-04-01 09:30:24.150,20260401,93024150,000009.SZ,1712744,2,1048196,1712741,8.93,900,8037.0
2026-04-01 09:30:24.150,20260401,93024150,000009.SZ,1712745,2,1055228,1712741,8.93,10000,89300.0
2026-04-01 09:30:24.150,20260401,93024150,000009.SZ,1712746,2,1066317,1712741,8.93,1100,9823.0
2026-04-01 09:30:24.150,20260401,93024150,000009.SZ,1712747,2,1077361,1712741,8.93,10300,91979.0
2026-04-01 09:30:24.150,20260401,93024150,000009.SZ,1712748,2,1081722,1712741,8.93,600,5358.0
2026-04-01 09:30:24.150,20260401,93024150,000009.SZ,1712758,-1,0,1655644,0.0,200,0.0
2026-04-01 09:30:24.150,20260401,93024150,000009.SZ,1712792,2,1081722,1712791,8.93,1400,12502.0
2026-04-01 09:30:24.150,20260401,93024150,000009.SZ,1712793,2,1090811,1712791,8.93,400,3572.0
2026-04-01 09:30:24.150,20260401,93024150,000009.SZ,1712794,2,1100229,1712791,8.93,2000,17860.0
2026-04-01 09:30:24.150,20260401,93024150,000009.SZ,1712795,2,1102765,1712791,8.93,300,2679.0
2026-04-01 09:30:24.150,20260401,93024150,000009.SZ,1712796,2,1106894,1712791,8.93,200,1786.0
2026-04-01 09:30:24.150,20260401,93024150,000009.SZ,1712797,2,1107897,1712791,8.93,800,7144.0
2026-04-01 09:30:24.150,20260401,93024150,000009.SZ,1712799,2,1107897,1712798,8.93,400,3572.0
2026-04-01 09:30:24.150,20260401,93024150,000009.SZ,1712800,2,1111972,1712798,8.93,3600,32148.0
2026-04-01 09:30:24.150,20260401,93024150,000009.SZ,1712802,2,1111972,1712801,8.93,1400,12502.0
2026-04-01 09:30:24.150,20260401,93024150,000009.SZ,1712803,2,1157102,1712801,8.93,1000,8930.0
2026-04-01 09:30:24.150,20260401,93024150,000009.SZ,1712804,2,1210755,1712801,8.93,1000,8930.0
2026-04-01 09:30:24.150,20260401,93024150,000009.SZ,1712805,2,1212625,1712801,8.93,1200,10716.0
2026-04-01 09:30:24.150,20260401,93024150,000009.SZ,1712807,2,1212625,1712806,8.93,800,7144.0
2026-04-01 09:30:24.150,20260401,93024150,000009.SZ,1712810,2,1212625,1712809,8.93,1900,16967.0
2026-04-01 09:30:24.150,20260401,93024150,000009.SZ,1712812,2,1212625,1712811,8.93,1100,9823.0
2026-04-01 09:30:24.150,20260401,93024150,000009.SZ,1712813,2,1253045,1712811,8.93,200,1786.0
2026-04-01 09:30:24.150,20260401,93024150,000009.SZ,1712815,2,1253045,1712814,8.93,1800,16074.0
2026-04-01 09:30:24.150,20260401,93024150,000009.SZ,1712816,2,1254051,1712814,8.93,1000,8930.0
2026-04-01 09:30:24.150,20260401,93024150,000009.SZ,1712817,2,1259128,1712814,8.93,1200,10716.0
2026-04-01 09:30:24.150,20260401,93024150,000009.SZ,1712818,2,1272615,1712814,8.93,500,4465.0
2026-04-01 09:30:24.150,20260401,93024150,000009.SZ,1712820,2,1293118,1712819,8.93,100,893.0
2026-04-01 09:30:24.150,20260401,93024150,000009.SZ,1712821,2,1331477,1712819,8.93,2000,17860.0
2026-04-01 09:30:24.150,20260401,93024150,000009.SZ,1712822,2,1340368,1712819,8.93,800,7144.0
2026-04-01 09:30:24.150,20260401,93024150,000009.SZ,1712824,2,1340368,1712823,8.93,2200,19646.0
2026-04-01 09:30:24.150,20260401,93024150,000009.SZ,1712825,2,1366513,1712823,8.93,500,4465.0
2026-04-01 09:30:24.150,20260401,93024150,000009.SZ,1712826,2,1447588,1712823,8.93,300,2679.0
2026-04-01 09:30:24.150,20260401,93024150,000009.SZ,1712827,2,1659180,1712823,8.93,300,2679.0
2026-04-01 09:30:24.150,20260401,93024150,000009.SZ,1712828,2,1689461,1712823,8.93,1200,10716.0
2026-04-01 09:30:24.180,20260401,93024180,000009.SZ,1713414,2,413740,1713413,8.92,1000,8920.0
2026-04-01 09:30:25.060,20260401,93025060,000009.SZ,1733256,-1,406547,0,0.0,11200,0.0
2026-04-01 09:30:26.590,20260401,93026590,000009.SZ,1759980,-1,0,1464043,0.0,4800,0.0
2026-04-01 09:30:26.620,20260401,93026620,000009.SZ,1760319,1,1760318,1712823,8.93,300,2679.0
2026-04-01 09:30:26.720,20260401,93026720,000009.SZ,1761522,-1,0,1551431,0.0,1200,0.0
2026-04-01 09:30:27.150,20260401,93027150,000009.SZ,1768198,2,413740,1768197,8.92,300,2676.0
2026-04-01 09:30:27.150,20260401,93027150,000009.SZ,1768201,2,413740,1768200,8.92,3700,33004.0
2026-04-01 09:30:27.150,20260401,93027150,000009.SZ,1768202,2,692175,1768200,8.92,100,892.0
2026-04-01 09:30:27.150,20260401,93027150,000009.SZ,1768206,2,692175,1768205,8.92,100,892.0
2026-04-01 09:30:27.150,20260401,93027150,000009.SZ,1768208,2,692175,1768207,8.92,200,1784.0
2026-04-01 09:30:27.150,20260401,93027150,000009.SZ,1768210,2,692175,1768209,8.92,100,892.0
2026-04-01 09:30:27.150,20260401,93027150,000009.SZ,1768215,2,692175,1768214,8.92,300,2676.0
2026-04-01 09:30:27.150,20260401,93027150,000009.SZ,1768218,2,692175,1768217,8.92,200,1784.0
2026-04-01 09:30:27.150,20260401,93027150,000009.SZ,1768221,2,692175,1768220,8.92,100,892.0
2026-04-01 09:30:27.150,20260401,93027150,000009.SZ,1768223,2,692175,1768222,8.92,200,1784.0
2026-04-01 09:30:27.150,20260401,93027150,000009.SZ,1768229,2,692175,1768228,8.92,4200,37464.0
2026-04-01 09:30:27.150,20260401,93027150,000009.SZ,1768230,2,729967,1768228,8.92,5900,52628.0
2026-04-01 09:30:27.150,20260401,93027150,000009.SZ,1768231,2,771501,1768228,8.92,6900,61548.0
2026-04-01 09:30:27.150,20260401,93027150,000009.SZ,1768242,2,771501,1768241,8.92,2900,25868.0
2026-04-01 09:30:27.150,20260401,93027150,000009.SZ,1768280,2,771501,1768279,8.92,100,892.0
2026-04-01 09:30:27.150,20260401,93027150,000009.SZ,1768352,2,771501,1768351,8.92,400,3568.0
2026-04-01 09:30:27.150,20260401,93027150,000009.SZ,1768375,2,771501,1768374,8.92,1300,11596.0
2026-04-01 09:30:27.150,20260401,93027150,000009.SZ,1768376,2,772481,1768374,8.92,700,6244.0
2026-04-01 09:30:27.150,20260401,93027150,000009.SZ,1768382,-1,0,1712855,0.0,3500,0.0
2026-04-01 09:30:27.150,20260401,93027150,000009.SZ,1768383,-1,0,1712842,0.0,700,0.0
2026-04-01 09:30:27.150,20260401,93027150,000009.SZ,1768397,2,772481,1768396,8.92,4300,38356.0
2026-04-01 09:30:27.150,20260401,93027150,000009.SZ,1768398,2,789957,1768396,8.92,1000,8920.0
2026-04-01 09:30:27.150,20260401,93027150,000009.SZ,1768399,2,802331,1768396,8.92,2200,19624.0
2026-04-01 09:30:27.150,20260401,93027150,000009.SZ,1768401,2,802331,1768400,8.92,3700,33004.0
2026-04-01 09:30:27.150,20260401,93027150,000009.SZ,1768402,2,920909,1768400,8.92,600,5352.0
2026-04-01 09:30:27.150,20260401,93027150,000009.SZ,1768403,-1,0,1712832,0.0,5800,0.0
2026-04-01 09:30:27.150,20260401,93027150,000009.SZ,1768421,2,920909,1768420,8.92,8400,74928.0
2026-04-01 09:30:27.150,20260401,93027150,000009.SZ,1768422,-1,0,1712829,0.0,900,0.0
2026-04-01 09:30:27.150,20260401,93027150,000009.SZ,1768425,2,920909,1768424,8.92,1000,8920.0
2026-04-01 09:30:27.150,20260401,93027150,000009.SZ,1768426,2,927856,1768424,8.92,900,8028.0
2026-04-01 09:30:27.150,20260401,93027150,000009.SZ,1768431,-1,0,1712888,0.0,5400,0.0
2026-04-01 09:30:27.150,20260401,93027150,000009.SZ,1768433,-1,0,1712833,0.0,3800,0.0
2026-04-01 09:30:27.150,20260401,93027150,000009.SZ,1768434,-1,0,1713265,0.0,6000,0.0
2026-04-01 09:30:27.150,20260401,93027150,000009.SZ,1768437,-1,0,1712835,0.0,7000,0.0
2026-04-01 09:30:27.150,20260401,93027150,000009.SZ,1768442,2,927856,1768441,8.92,1000,8920.0
2026-04-01 09:30:27.150,20260401,93027150,000009.SZ,1768444,-1,0,1712836,0.0,700,0.0
2026-04-01 09:30:27.150,20260401,93027150,000009.SZ,1768455,-1,0,1712843,0.0,2300,0.0
2026-04-01 09:30:27.150,20260401,93027150,000009.SZ,1768465,-1,0,1712860,0.0,5200,0.0
2026-04-01 09:30:27.150,20260401,93027150,000009.SZ,1768470,-1,0,1712841,0.0,1600,0.0
2026-04-01 09:30:27.150,20260401,93027150,000009.SZ,1768473,-1,0,1712830,0.0,6000,0.0
2026-04-01 09:30:27.150,20260401,93027150,000009.SZ,1768493,2,927856,1768492,8.92,100,892.0
2026-04-01 09:30:27.150,20260401,93027150,000009.SZ,1768494,2,944993,1768492,8.92,3100,27652.0
2026-04-01 09:30:27.150,20260401,93027150,000009.SZ,1768495,-1,0,1712823,0.0,1000,0.0
2026-04-01 09:30:27.150,20260401,93027150,000009.SZ,1768496,-1,0,1712834,0.0,4300,0.0
2026-04-01 09:30:27.150,20260401,93027150,000009.SZ,1768498,2,944993,1768497,8.92,1900,16948.0
2026-04-01 09:30:27.150,20260401,93027150,000009.SZ,1768499,2,946154,1768497,8.92,100,892.0
2026-04-01 09:30:27.150,20260401,93027150,000009.SZ,1768500,2,1005016,1768497,8.92,1500,13380.0
2026-04-01 09:30:27.150,20260401,93027150,000009.SZ,1768502,-1,0,1712837,0.0,4100,0.0
2026-04-01 09:30:27.150,20260401,93027150,000009.SZ,1768508,2,1005016,1768507,8.92,3800,33896.0
2026-04-01 09:30:27.150,20260401,93027150,000009.SZ,1768509,-1,0,1712831,0.0,5000,0.0
2026-04-01 09:30:27.150,20260401,93027150,000009.SZ,1768511,2,1005016,1768510,8.92,300,2676.0
2026-04-01 09:30:27.150,20260401,93027150,000009.SZ,1768512,2,1017709,1768510,8.92,5500,49060.0
2026-04-01 09:30:27.150,20260401,93027150,000009.SZ,1768514,2,1017709,1768513,8.92,4500,40140.0
2026-04-01 09:30:27.150,20260401,93027150,000009.SZ,1768515,2,1028725,1768513,8.92,900,8028.0
2026-04-01 09:30:27.150,20260401,93027150,000009.SZ,1768518,2,1028725,1768517,8.92,100,892.0
2026-04-01 09:30:27.150,20260401,93027150,000009.SZ,1768519,2,1097128,1768517,8.92,500,4460.0
2026-04-01 09:30:27.150,20260401,93027150,000009.SZ,1768520,2,1106373,1768517,8.92,500,4460.0
2026-04-01 09:30:27.150,20260401,93027150,000009.SZ,1768521,2,1126143,1768517,8.92,3500,31220.0
2026-04-01 09:30:27.150,20260401,93027150,000009.SZ,1768534,2,1126143,1768533,8.92,1500,13380.0
2026-04-01 09:30:27.150,20260401,93027150,000009.SZ,1768535,2,1137430,1768533,8.92,100,892.0
2026-04-01 09:30:27.150,20260401,93027150,000009.SZ,1768536,2,1150888,1768533,8.92,300,2676.0
2026-04-01 09:30:27.150,20260401,93027150,000009.SZ,1768702,-1,0,1712889,0.0,2100,0.0
2026-04-01 09:30:27.160,20260401,93027160,000009.SZ,1768862,-1,0,1712840,0.0,1500,0.0
2026-04-01 09:30:27.260,20260401,93027260,000009.SZ,1771505,-1,0,1768785,0.0,200,0.0
2026-04-01 09:30:27.320,20260401,93027320,000009.SZ,1772637,-1,0,1769202,0.0,100,0.0
2026-04-01 09:30:27.320,20260401,93027320,000009.SZ,1772648,-1,0,1769237,0.0,100,0.0
2026-04-01 09:30:27.400,20260401,93027400,000009.SZ,1774168,1,1774167,1768533,8.92,100,892.0
2026-04-01 09:30:28.080,20260401,93028080,000009.SZ,1786981,1,1786980,1768533,8.92,200,1784.0
2026-04-01 09:30:28.720,20260401,93028720,000009.SZ,1800203,-1,0,1746187,0.0,1200,0.0
2026-04-01 09:30:28.720,20260401,93028720,000009.SZ,1800204,-1,0,1800184,0.0,1200,0.0
2026-04-01 09:30:29.000,20260401,93029000,000009.SZ,1804113,2,478491,1804112,8.91,600,5346.0
2026-04-01 09:30:30.150,20260401,93030150,000009.SZ,1819756,-1,0,1768199,0.0,400,0.0
2026-04-01 09:30:30.150,20260401,93030150,000009.SZ,1819763,-1,0,1768219,0.0,100,0.0
2026-04-01 09:30:30.150,20260401,93030150,000009.SZ,1819779,-1,0,1768276,0.0,200,0.0
2026-04-01 09:30:30.150,20260401,93030150,000009.SZ,1819784,2,478491,1819783,8.91,400,3564.0
2026-04-01 09:30:30.150,20260401,93030150,000009.SZ,1819785,2,499596,1819783,8.91,3400,30294.0
2026-04-01 09:30:30.150,20260401,93030150,000009.SZ,1819809,-1,0,1768216,0.0,100,0.0
2026-04-01 09:30:30.150,20260401,93030150,000009.SZ,1819840,2,499596,1819839,8.91,3600,32076.0
2026-04-01 09:30:30.150,20260401,93030150,000009.SZ,1819841,2,502706,1819839,8.91,5200,46332.0
2026-04-01 09:30:30.150,20260401,93030150,000009.SZ,1819856,2,502706,1819855,8.91,700,6237.0
2026-04-01 09:30:30.150,20260401,93030150,000009.SZ,1819859,-1,0,1768692,0.0,5200,0.0
2026-04-01 09:30:30.150,20260401,93030150,000009.SZ,1819872,-1,0,1768551,0.0,2600,0.0
2026-04-01 09:30:30.150,20260401,93030150,000009.SZ,1819874,2,502706,1819873,8.91,5800,51678.0
2026-04-01 09:30:30.150,20260401,93030150,000009.SZ,1819876,2,502706,1819875,8.91,900,8019.0
2026-04-01 09:30:30.150,20260401,93030150,000009.SZ,1819889,2,502706,1819888,8.91,2300,20493.0
2026-04-01 09:30:30.150,20260401,93030150,000009.SZ,1819896,2,502706,1819895,8.91,7000,62370.0
2026-04-01 09:30:30.150,20260401,93030150,000009.SZ,1819900,2,502706,1819899,8.91,700,6237.0
2026-04-01 09:30:30.150,20260401,93030150,000009.SZ,1819902,2,502706,1819901,8.91,5400,48114.0
2026-04-01 09:30:30.150,20260401,93030150,000009.SZ,1819904,2,502706,1819903,8.91,6000,53460.0
2026-04-01 09:30:30.150,20260401,93030150,000009.SZ,1819908,2,502706,1819907,8.91,1500,13365.0
2026-04-01 09:30:30.150,20260401,93030150,000009.SZ,1819911,-1,0,1768639,0.0,4600,0.0
2026-04-01 09:30:30.150,20260401,93030150,000009.SZ,1819922,2,502706,1819921,8.91,3800,33858.0
2026-04-01 09:30:30.150,20260401,93030150,000009.SZ,1819925,2,502706,1819924,8.91,6000,53460.0
2026-04-01 09:30:30.150,20260401,93030150,000009.SZ,1819929,2,502706,1819928,8.91,5000,44550.0
2026-04-01 09:30:30.150,20260401,93030150,000009.SZ,1819931,2,502706,1819930,8.91,4300,38313.0
2026-04-01 09:30:30.150,20260401,93030150,000009.SZ,1819935,2,502706,1819934,8.91,1000,8910.0
2026-04-01 09:30:30.150,20260401,93030150,000009.SZ,1819959,2,502706,1819958,8.91,2900,25839.0
2026-04-01 09:30:30.150,20260401,93030150,000009.SZ,1819961,2,502706,1819960,8.91,4100,36531.0
2026-04-01 09:30:30.150,20260401,93030150,000009.SZ,1819962,-1,0,1768533,0.0,5700,0.0
2026-04-01 09:30:30.150,20260401,93030150,000009.SZ,1819963,-1,0,1768550,0.0,3000,0.0
2026-04-01 09:30:30.150,20260401,93030150,000009.SZ,1819967,2,502706,1819966,8.91,5200,46332.0
2026-04-01 09:30:30.150,20260401,93030150,000009.SZ,1819969,2,502706,1819968,8.91,3500,31185.0
2026-04-01 09:30:30.150,20260401,93030150,000009.SZ,1819973,2,502706,1819972,8.91,4700,41877.0
2026-04-01 09:30:30.150,20260401,93030150,000009.SZ,1819975,2,502706,1819974,8.91,2600,23166.0
2026-04-01 09:30:30.160,20260401,93030160,000009.SZ,1820034,2,502706,1820033,8.91,1900,16929.0
2026-04-01 09:30:30.160,20260401,93030160,000009.SZ,1820035,2,504314,1820033,8.91,200,1782.0
2026-04-01 09:30:30.160,20260401,93030160,000009.SZ,1820036,-1,0,1768705,0.0,4300,0.0
2026-04-01 09:30:30.160,20260401,93030160,000009.SZ,1820110,2,504314,1820109,8.91,1600,14256.0
2026-04-01 09:30:30.170,20260401,93030170,000009.SZ,1820193,2,504314,1820192,8.91,8800,78408.0
2026-04-01 09:30:30.180,20260401,93030180,000009.SZ,1820374,2,504314,1820373,8.91,100,891.0
2026-04-01 09:30:31.090,20260401,93031090,000009.SZ,1840333,-1,0,1767377,0.0,100,0.0
2026-04-01 09:30:31.360,20260401,93031360,000009.SZ,1845206,2,504314,1845205,8.91,6900,61479.0
2026-04-01 09:30:31.360,20260401,93031360,000009.SZ,1845207,2,509628,1845205,8.91,1300,11583.0
2026-04-01 09:30:31.360,20260401,93031360,000009.SZ,1845208,2,522481,1845205,8.91,7500,66825.0
2026-04-01 09:30:31.630,20260401,93031630,000009.SZ,1851391,-1,0,1796842,0.0,800,0.0
2026-04-01 09:30:32.670,20260401,93032670,000009.SZ,1867833,2,522481,1867832,8.91,2300,20493.0
2026-04-01 09:30:32.860,20260401,93032860,000009.SZ,1869979,-1,0,1763810,0.0,2300,0.0
2026-04-01 09:30:33.050,20260401,93033050,000009.SZ,1872321,-1,0,1766414,0.0,5000,0.0
2026-04-01 09:30:33.050,20260401,93033050,000009.SZ,1872432,-1,0,1772519,0.0,500,0.0
2026-04-01 09:30:33.120,20260401,93033120,000009.SZ,1873420,2,522481,1873419,8.91,500,4455.0
2026-04-01 09:30:33.140,20260401,93033140,000009.SZ,1873625,-1,0,1767702,0.0,500,0.0
2026-04-01 09:30:33.140,20260401,93033140,000009.SZ,1873649,-1,0,1767709,0.0,1100,0.0
2026-04-01 09:30:33.140,20260401,93033140,000009.SZ,1873679,-1,0,1768017,0.0,300,0.0
2026-04-01 09:30:33.150,20260401,93033150,000009.SZ,1873749,2,522481,1873748,8.91,3300,29403.0
2026-04-01 09:30:33.150,20260401,93033150,000009.SZ,1873751,2,522481,1873750,8.91,6200,55242.0
2026-04-01 09:30:33.150,20260401,93033150,000009.SZ,1873753,2,522481,1873752,8.91,6100,54351.0
2026-04-01 09:30:33.150,20260401,93033150,000009.SZ,1873755,2,522481,1873754,8.91,5500,49005.0
2026-04-01 09:30:33.150,20260401,93033150,000009.SZ,1873757,2,522481,1873756,8.91,22200,197802.0
2026-04-01 09:30:33.150,20260401,93033150,000009.SZ,1873758,2,528031,1873756,8.91,4000,35640.0
2026-04-01 09:30:33.150,20260401,93033150,000009.SZ,1873759,2,532844,1873756,8.91,1100,9801.0
2026-04-01 09:30:33.150,20260401,93033150,000009.SZ,1873760,2,1036785,1873756,8.91,1000,8910.0
2026-04-01 09:30:33.150,20260401,93033150,000009.SZ,1873761,2,1070830,1873756,8.91,3000,26730.0
2026-04-01 09:30:33.150,20260401,93033150,000009.SZ,1873762,2,1072478,1873756,8.91,1100,9801.0
2026-04-01 09:30:33.150,20260401,93033150,000009.SZ,1873763,2,1186084,1873756,8.91,5000,44550.0
2026-04-01 09:30:33.150,20260401,93033150,000009.SZ,1873764,2,1442651,1873756,8.91,1700,15147.0
2026-04-01 09:30:33.150,20260401,93033150,000009.SZ,1873765,2,1695014,1873756,8.91,100,891.0
2026-04-01 09:30:33.160,20260401,93033160,000009.SZ,1874376,-1,0,1768897,0.0,400,0.0
2026-04-01 09:30:33.160,20260401,93033160,000009.SZ,1874421,-1,0,1768908,0.0,400,0.0
2026-04-01 09:30:33.160,20260401,93033160,000009.SZ,1874432,-1,0,1768906,0.0,400,0.0
2026-04-01 09:30:33.180,20260401,93033180,000009.SZ,1874885,-1,0,1659928,0.0,900,0.0
2026-04-01 09:30:33.180,20260401,93033180,000009.SZ,1874962,-1,0,1760742,0.0,6000,0.0
2026-04-01 09:30:33.200,20260401,93033200,000009.SZ,1875593,2,264511,1875592,8.9,600,5340.0
2026-04-01 09:30:33.250,20260401,93033250,000009.SZ,1876691,-1,0,1873778,0.0,1500,0.0
2026-04-01 09:30:33.250,20260401,93033250,000009.SZ,1876710,-1,0,1873782,0.0,100,0.0
2026-04-01 09:30:33.260,20260401,93033260,000009.SZ,1876856,-1,0,1873776,0.0,13200,0.0
2026-04-01 09:30:33.260,20260401,93033260,000009.SZ,1876858,-1,0,1873766,0.0,9900,0.0
2026-04-01 09:30:33.260,20260401,93033260,000009.SZ,1876859,-1,0,1873756,0.0,500,0.0
2026-04-01 09:30:33.270,20260401,93033270,000009.SZ,1877083,-1,0,1874679,0.0,200,0.0
2026-04-01 09:30:33.290,20260401,93033290,000009.SZ,1877432,-1,0,1382634,0.0,100,0.0
2026-04-01 09:30:33.740,20260401,93033740,000009.SZ,1888128,1,1888127,1873777,8.91,100,891.0
2026-04-01 09:30:33.800,20260401,93033800,000009.SZ,1889082,-1,0,1710155,0.0,100,0.0
2026-04-01 09:30:33.920,20260401,93033920,000009.SZ,1891343,-1,0,1783998,0.0,600,0.0
2026-04-01 09:30:33.930,20260401,93033930,000009.SZ,1891471,-1,0,1783878,0.0,1800,0.0
2026-04-01 09:30:33.940,20260401,93033940,000009.SZ,1891609,-1,0,1765353,0.0,400,0.0
2026-04-01 09:30:33.940,20260401,93033940,000009.SZ,1891626,-1,0,1765322,0.0,100,0.0
2026-04-01 09:30:33.940,20260401,93033940,000009.SZ,1891629,-1,0,1765363,0.0,300,0.0
2026-04-01 09:30:33.940,20260401,93033940,000009.SZ,1891637,-1,0,1765343,0.0,100,0.0
2026-04-01 09:30:33.940,20260401,93033940,000009.SZ,1891638,-1,0,1765317,0.0,100,0.0
2026-04-01 09:30:33.940,20260401,93033940,000009.SZ,1891639,-1,0,1765361,0.0,200,0.0
2026-04-01 09:30:33.940,20260401,93033940,000009.SZ,1891640,-1,0,1765380,0.0,200,0.0
2026-04-01 09:30:33.940,20260401,93033940,000009.SZ,1891641,-1,0,1765374,0.0,100,0.0
2026-04-01 09:30:33.940,20260401,93033940,000009.SZ,1891642,-1,0,1765346,0.0,100,0.0
2026-04-01 09:30:33.940,20260401,93033940,000009.SZ,1891643,-1,0,1765341,0.0,100,0.0
2026-04-01 09:30:33.940,20260401,93033940,000009.SZ,1891646,-1,0,1765390,0.0,200,0.0
2026-04-01 09:30:33.940,20260401,93033940,000009.SZ,1891652,-1,0,1765320,0.0,1700,0.0
2026-04-01 09:30:33.940,20260401,93033940,000009.SZ,1891654,-1,0,1765378,0.0,100,0.0
2026-04-01 09:30:33.940,20260401,93033940,000009.SZ,1891659,-1,0,1765327,0.0,1800,0.0
2026-04-01 09:30:33.940,20260401,93033940,000009.SZ,1891660,-1,0,1765373,0.0,100,0.0
2026-04-01 09:30:33.940,20260401,93033940,000009.SZ,1891703,-1,0,1783910,0.0,3200,0.0
2026-04-01 09:30:33.950,20260401,93033950,000009.SZ,1891760,-1,0,1765514,0.0,400,0.0
2026-04-01 09:30:34.000,20260401,93034000,000009.SZ,1892672,-1,0,1765995,0.0,100,0.0
2026-04-01 09:30:34.020,20260401,93034020,000009.SZ,1892901,-1,0,1766238,0.0,2100,0.0
2026-04-01 09:30:34.050,20260401,93034050,000009.SZ,1893327,-1,0,1766842,0.0,300,0.0
2026-04-01 09:30:34.170,20260401,93034170,000009.SZ,1894913,-1,0,1767657,0.0,5900,0.0
2026-04-01 09:30:34.220,20260401,93034220,000009.SZ,1895743,-1,0,1767827,0.0,200,0.0
2026-04-01 09:30:34.560,20260401,93034560,000009.SZ,1904162,-1,0,1873777,0.0,2500,0.0
2026-04-01 09:30:34.560,20260401,93034560,000009.SZ,1904163,-1,0,1875819,0.0,200,0.0
2026-04-01 09:30:34.560,20260401,93034560,000009.SZ,1904164,-1,0,1873781,0.0,5500,0.0
2026-04-01 09:30:34.560,20260401,93034560,000009.SZ,1904166,-1,0,1873779,0.0,1700,0.0
2026-04-01 09:30:34.560,20260401,93034560,000009.SZ,1904167,-1,0,1876162,0.0,1600,0.0
2026-04-01 09:30:34.560,20260401,93034560,000009.SZ,1904168,-1,0,1876134,0.0,2000,0.0
2026-04-01 09:30:34.560,20260401,93034560,000009.SZ,1904180,-1,0,1830325,0.0,28100,0.0
2026-04-01 09:30:34.800,20260401,93034800,000009.SZ,1908727,-1,1442654,0,0.0,2000,0.0
2026-04-01 09:30:35.430,20260401,93035430,000009.SZ,1917679,1,1917678,1873780,8.91,2700,24057.0
2026-04-01 09:30:35.430,20260401,93035430,000009.SZ,1917680,1,1917678,1873787,8.91,2500,22275.0
2026-04-01 09:30:35.730,20260401,93035730,000009.SZ,1920892,-1,0,1876037,0.0,1000,0.0
2026-04-01 09:30:35.730,20260401,93035730,000009.SZ,1920893,-1,0,1876036,0.0,1000,0.0
2026-04-01 09:30:35.730,20260401,93035730,000009.SZ,1920897,-1,0,1876135,0.0,2500,0.0
2026-04-01 09:30:35.730,20260401,93035730,000009.SZ,1920901,-1,0,1876108,0.0,2900,0.0
2026-04-01 09:30:35.730,20260401,93035730,000009.SZ,1920908,-1,0,1876066,0.0,3000,0.0
2026-04-01 09:30:35.730,20260401,93035730,000009.SZ,1920909,-1,0,1876089,0.0,2600,0.0
2026-04-01 09:30:35.730,20260401,93035730,000009.SZ,1920910,-1,0,1876322,0.0,2900,0.0
2026-04-01 09:30:35.730,20260401,93035730,000009.SZ,1920919,-1,0,1876098,0.0,5900,0.0
2026-04-01 09:30:35.730,20260401,93035730,000009.SZ,1920933,-1,0,1876327,0.0,6800,0.0
2026-04-01 09:30:35.750,20260401,93035750,000009.SZ,1921085,-1,0,1876491,0.0,1000,0.0
2026-04-01 09:30:35.750,20260401,93035750,000009.SZ,1921086,-1,0,1876489,0.0,1400,0.0
2026-04-01 09:30:35.870,20260401,93035870,000009.SZ,1922704,-1,0,1878743,0.0,100,0.0
2026-04-01 09:30:35.870,20260401,93035870,000009.SZ,1922705,-1,0,1878722,0.0,2900,0.0
2026-04-01 09:30:35.870,20260401,93035870,000009.SZ,1922706,-1,0,1878736,0.0,2000,0.0
2026-04-01 09:30:35.870,20260401,93035870,000009.SZ,1922707,-1,0,1878726,0.0,1900,0.0
2026-04-01 09:30:35.870,20260401,93035870,000009.SZ,1922711,-1,0,1878730,0.0,1000,0.0
2026-04-01 09:30:35.870,20260401,93035870,000009.SZ,1922713,-1,0,1878742,0.0,2100,0.0
2026-04-01 09:30:35.870,20260401,93035870,000009.SZ,1922718,-1,0,1878735,0.0,2900,0.0
2026-04-01 09:30:35.870,20260401,93035870,000009.SZ,1922725,-1,0,1878871,0.0,1400,0.0
2026-04-01 09:30:35.870,20260401,93035870,000009.SZ,1922726,-1,0,1878870,0.0,1600,0.0
2026-04-01 09:30:35.870,20260401,93035870,000009.SZ,1922727,-1,0,1878848,0.0,3000,0.0
2026-04-01 09:30:35.870,20260401,93035870,000009.SZ,1922787,-1,0,1878974,0.0,1000,0.0
2026-04-01 09:30:35.880,20260401,93035880,000009.SZ,1922826,-1,0,1879294,0.0,3100,0.0
2026-04-01 09:30:35.880,20260401,93035880,000009.SZ,1922828,-1,0,1879401,0.0,500,0.0
2026-04-01 09:30:35.880,20260401,93035880,000009.SZ,1922829,-1,0,1879361,0.0,2100,0.0
2026-04-01 09:30:35.890,20260401,93035890,000009.SZ,1923000,-1,0,1878734,0.0,2200,0.0
2026-04-01 09:30:36.080,20260401,93036080,000009.SZ,1925649,-1,0,1698809,0.0,2400,0.0
2026-04-01 09:30:36.080,20260401,93036080,000009.SZ,1925651,-1,0,1698835,0.0,1100,0.0
2026-04-01 09:30:36.080,20260401,93036080,000009.SZ,1925661,-1,0,1698816,0.0,2000,0.0
2026-04-01 09:30:36.150,20260401,93036150,000009.SZ,1926747,2,264511,1926746,8.9,18900,168210.0
2026-04-01 09:30:36.150,20260401,93036150,000009.SZ,1926754,2,264511,1926753,8.9,500,4450.0
2026-04-01 09:30:36.150,20260401,93036150,000009.SZ,1926757,2,264511,1926756,8.9,10000,89000.0
2026-04-01 09:30:36.150,20260401,93036150,000009.SZ,1926758,2,276517,1926756,8.9,7000,62300.0
2026-04-01 09:30:36.150,20260401,93036150,000009.SZ,1926769,2,276517,1926768,8.9,1200,10680.0
2026-04-01 09:30:36.150,20260401,93036150,000009.SZ,1926770,2,280949,1926768,8.9,2200,19580.0
2026-04-01 09:30:36.150,20260401,93036150,000009.SZ,1926771,2,307359,1926768,8.9,2100,18690.0
2026-04-01 09:30:36.150,20260401,93036150,000009.SZ,1926773,2,307359,1926772,8.9,100,890.0
2026-04-01 09:30:36.150,20260401,93036150,000009.SZ,1926774,-1,0,1873786,0.0,400,0.0
2026-04-01 09:30:36.150,20260401,93036150,000009.SZ,1926782,2,307359,1926781,8.9,1700,15130.0
2026-04-01 09:30:36.150,20260401,93036150,000009.SZ,1926788,2,307359,1926787,8.9,2500,22250.0
2026-04-01 09:30:36.150,20260401,93036150,000009.SZ,1926797,2,307359,1926796,8.9,2000,17800.0
2026-04-01 09:30:36.150,20260401,93036150,000009.SZ,1926802,2,307359,1926801,8.9,1600,14240.0
2026-04-01 09:30:36.150,20260401,93036150,000009.SZ,1926819,-1,0,1873844,0.0,700,0.0
2026-04-01 09:30:36.150,20260401,93036150,000009.SZ,1926834,-1,0,1873853,0.0,800,0.0
2026-04-01 09:30:36.150,20260401,93036150,000009.SZ,1926902,2,307359,1926901,8.9,1900,16910.0
2026-04-01 09:30:36.150,20260401,93036150,000009.SZ,1926908,-1,0,1873934,0.0,200,0.0
2026-04-01 09:30:36.150,20260401,93036150,000009.SZ,1926911,-1,0,1873947,0.0,4600,0.0
2026-04-01 09:30:36.150,20260401,93036150,000009.SZ,1926920,-1,0,1873910,0.0,3000,0.0
2026-04-01 09:30:36.150,20260401,93036150,000009.SZ,1926924,-1,0,1873956,0.0,5700,0.0
2026-04-01 09:30:36.150,20260401,93036150,000009.SZ,1926935,-1,0,1874062,0.0,4300,0.0
2026-04-01 09:30:36.160,20260401,93036160,000009.SZ,1927172,2,307359,1927171,8.9,1100,9790.0
2026-04-01 09:30:36.160,20260401,93036160,000009.SZ,1927173,2,313172,1927171,8.9,1500,13350.0
2026-04-01 09:30:36.160,20260401,93036160,000009.SZ,1927174,2,326576,1927171,8.9,2800,24920.0
2026-04-01 09:30:36.160,20260401,93036160,000009.SZ,1927175,2,342199,1927171,8.9,300,2670.0
2026-04-01 09:30:36.160,20260401,93036160,000009.SZ,1927207,-1,0,1874342,0.0,3000,0.0
2026-04-01 09:30:36.170,20260401,93036170,000009.SZ,1927484,2,342199,1927483,8.9,100,890.0
2026-04-01 09:30:36.170,20260401,93036170,000009.SZ,1927485,2,345536,1927483,8.9,5600,49840.0
2026-04-01 09:30:36.190,20260401,93036190,000009.SZ,1927657,-1,0,1833713,0.0,1200,0.0
2026-04-01 09:30:36.190,20260401,93036190,000009.SZ,1927658,-1,0,1833712,0.0,1200,0.0
2026-04-01 09:30:36.190,20260401,93036190,000009.SZ,1927682,2,345536,1927681,8.9,1800,16020.0
2026-04-01 09:30:36.200,20260401,93036200,000009.SZ,1927852,-1,0,1874590,0.0,9000,0.0
2026-04-01 09:30:36.220,20260401,93036220,000009.SZ,1928757,2,345536,1928756,8.9,1200,10680.0
2026-04-01 09:30:36.220,20260401,93036220,000009.SZ,1928782,2,345536,1928781,8.9,1200,10680.0
2026-04-01 09:30:36.250,20260401,93036250,000009.SZ,1929483,1,1929482,1873787,8.91,2000,17820.0
2026-04-01 09:30:36.350,20260401,93036350,000009.SZ,1932106,-1,0,1466420,0.0,400,0.0
2026-04-01 09:30:36.780,20260401,93036780,000009.SZ,1944830,-1,0,1728521,0.0,700,0.0
2026-04-01 09:30:36.860,20260401,93036860,000009.SZ,1947110,-1,0,1730165,0.0,100,0.0
2026-04-01 09:30:37.050,20260401,93037050,000009.SZ,1950582,-1,0,1817937,0.0,200,0.0
2026-04-01 09:30:37.080,20260401,93037080,000009.SZ,1951009,2,345536,1951008,8.9,400,3560.0
2026-04-01 09:30:37.080,20260401,93037080,000009.SZ,1951022,2,345536,1951021,8.9,400,3560.0
2026-04-01 09:30:37.080,20260401,93037080,000009.SZ,1951061,1,1951060,1873787,8.91,300,2673.0
2026-04-01 09:30:37.110,20260401,93037110,000009.SZ,1951412,-1,0,1733906,0.0,300,0.0
2026-04-01 09:30:37.120,20260401,93037120,000009.SZ,1951683,-1,0,1734628,0.0,200,0.0
2026-04-01 09:30:37.210,20260401,93037210,000009.SZ,1953421,2,345536,1953420,8.9,200,1780.0
2026-04-01 09:30:37.210,20260401,93037210,000009.SZ,1953422,2,368583,1953420,8.9,1000,8900.0
2026-04-01 09:30:37.210,20260401,93037210,000009.SZ,1953423,2,372712,1953420,8.9,300,2670.0
2026-04-01 09:30:37.210,20260401,93037210,000009.SZ,1953425,2,381446,1953424,8.9,300,2670.0
2026-04-01 09:30:37.210,20260401,93037210,000009.SZ,1953426,2,389940,1953424,8.9,1100,9790.0
2026-04-01 09:30:37.220,20260401,93037220,000009.SZ,1953438,2,389940,1953437,8.9,1900,16910.0
2026-04-01 09:30:37.220,20260401,93037220,000009.SZ,1953439,2,398279,1953437,8.9,100,890.0
2026-04-01 09:30:37.220,20260401,93037220,000009.SZ,1953440,2,409458,1953437,8.9,500,4450.0
2026-04-01 09:30:37.220,20260401,93037220,000009.SZ,1953441,2,426233,1953437,8.9,400,3560.0
2026-04-01 09:30:37.220,20260401,93037220,000009.SZ,1953448,2,426233,1953447,8.9,2000,17800.0
2026-04-01 09:30:37.220,20260401,93037220,000009.SZ,1953449,2,441279,1953447,8.9,1200,10680.0
2026-04-01 09:30:37.220,20260401,93037220,000009.SZ,1953453,2,441279,1953452,8.9,1800,16020.0
2026-04-01 09:30:37.220,20260401,93037220,000009.SZ,1953454,2,451523,1953452,8.9,7600,67640.0
2026-04-01 09:30:37.220,20260401,93037220,000009.SZ,1953458,2,451523,1953457,8.9,2400,21360.0
2026-04-01 09:30:37.220,20260401,93037220,000009.SZ,1953459,2,466565,1953457,8.9,1100,9790.0
2026-04-01 09:30:37.220,20260401,93037220,000009.SZ,1953472,2,466565,1953471,8.9,1900,16910.0
2026-04-01 09:30:37.220,20260401,93037220,000009.SZ,1953473,2,473892,1953471,8.9,5000,44500.0
2026-04-01 09:30:37.220,20260401,93037220,000009.SZ,1953474,2,474877,1953471,8.9,500,4450.0
2026-04-01 09:30:37.220,20260401,93037220,000009.SZ,1953475,2,481418,1953471,8.9,100,890.0
2026-04-01 09:30:37.220,20260401,93037220,000009.SZ,1953476,2,482084,1953471,8.9,1200,10680.0
2026-04-01 09:30:37.220,20260401,93037220,000009.SZ,1953477,2,484122,1953471,8.9,4400,39160.0
2026-04-01 09:30:37.220,20260401,93037220,000009.SZ,1953509,-1,0,1657898,0.0,1000,0.0
2026-04-01 09:30:37.220,20260401,93037220,000009.SZ,1953512,2,484122,1953511,8.9,600,5340.0
2026-04-01 09:30:37.220,20260401,93037220,000009.SZ,1953513,2,489531,1953511,8.9,2000,17800.0
2026-04-01 09:30:37.220,20260401,93037220,000009.SZ,1953514,2,518608,1953511,8.9,400,3560.0
2026-04-01 09:30:37.220,20260401,93037220,000009.SZ,1953515,2,521292,1953511,8.9,900,8010.0
2026-04-01 09:30:37.220,20260401,93037220,000009.SZ,1953516,2,669995,1953511,8.9,100,890.0
2026-04-01 09:30:37.220,20260401,93037220,000009.SZ,1953517,2,724287,1953511,8.9,100,890.0
2026-04-01 09:30:37.220,20260401,93037220,000009.SZ,1953518,2,726347,1953511,8.9,1000,8900.0
2026-04-01 09:30:37.220,20260401,93037220,000009.SZ,1953519,2,880931,1953511,8.9,1000,8900.0
2026-04-01 09:30:37.220,20260401,93037220,000009.SZ,1953520,2,1300039,1953511,8.9,300,2670.0
2026-04-01 09:30:37.220,20260401,93037220,000009.SZ,1953521,2,1348649,1953511,8.9,1800,16020.0
2026-04-01 09:30:37.220,20260401,93037220,000009.SZ,1953522,-1,0,1657937,0.0,3100,0.0
2026-04-01 09:30:37.220,20260401,93037220,000009.SZ,1953527,-1,0,1657903,0.0,3500,0.0
2026-04-01 09:30:37.220,20260401,93037220,000009.SZ,1953528,-1,0,1657904,0.0,1100,0.0
2026-04-01 09:30:37.230,20260401,93037230,000009.SZ,1954242,2,1348649,1954241,8.9,2000,17800.0
2026-04-01 09:30:37.230,20260401,93037230,000009.SZ,1954245,2,1348649,1954244,8.9,200,1780.0
2026-04-01 09:30:37.230,20260401,93037230,000009.SZ,1954246,2,1527187,1954244,8.9,1000,8900.0
2026-04-01 09:30:37.260,20260401,93037260,000009.SZ,1955424,-1,0,1661094,0.0,1400,0.0
2026-04-01 09:30:37.260,20260401,93037260,000009.SZ,1955429,-1,0,1661155,0.0,1400,0.0
2026-04-01 09:30:37.260,20260401,93037260,000009.SZ,1955433,-1,0,1661152,0.0,1100,0.0
2026-04-01 09:30:37.270,20260401,93037270,000009.SZ,1955440,-1,0,1661120,0.0,1000,0.0
2026-04-01 09:30:37.270,20260401,93037270,000009.SZ,1955450,-1,0,1661174,0.0,1600,0.0
2026-04-01 09:30:37.270,20260401,93037270,000009.SZ,1955675,-1,0,1661421,0.0,1600,0.0
2026-04-01 09:30:37.280,20260401,93037280,000009.SZ,1956092,-1,0,1661167,0.0,1000,0.0
2026-04-01 09:30:37.280,20260401,93037280,000009.SZ,1956123,-1,0,1661163,0.0,400,0.0
2026-04-01 09:30:37.760,20260401,93037760,000009.SZ,1967384,-1,0,1728605,0.0,700,0.0
2026-04-01 09:30:37.760,20260401,93037760,000009.SZ,1967386,-1,0,1728613,0.0,900,0.0
2026-04-01 09:30:37.860,20260401,93037860,000009.SZ,1969098,-1,0,1477812,0.0,200,0.0
2026-04-01 09:30:37.860,20260401,93037860,000009.SZ,1969103,-1,0,1477817,0.0,100,0.0
2026-04-01 09:30:37.860,20260401,93037860,000009.SZ,1969120,-1,0,1652229,0.0,100,0.0
2026-04-01 09:30:38.140,20260401,93038140,000009.SZ,1972913,-1,0,1754069,0.0,200,0.0
2026-04-01 09:30:38.140,20260401,93038140,000009.SZ,1972924,-1,0,1754139,0.0,500,0.0
2026-04-01 09:30:38.150,20260401,93038150,000009.SZ,1972984,-1,0,1754414,0.0,500,0.0
2026-04-01 09:30:38.150,20260401,93038150,000009.SZ,1973024,-1,0,1755780,0.0,100,0.0
2026-04-01 09:30:38.150,20260401,93038150,000009.SZ,1973025,-1,0,1754300,0.0,200,0.0
2026-04-01 09:30:38.150,20260401,93038150,000009.SZ,1973030,-1,0,1754552,0.0,300,0.0
2026-04-01 09:30:38.240,20260401,93038240,000009.SZ,1974257,2,810850,1974256,8.89,200,1778.0
2026-04-01 09:30:38.540,20260401,93038540,000009.SZ,1978311,1,1978310,1954244,8.9,200,1780.0
2026-04-01 09:30:38.540,20260401,93038540,000009.SZ,1978312,1,1978310,1955412,8.9,4000,35600.0
2026-04-01 09:30:38.540,20260401,93038540,000009.SZ,1978313,1,1978310,1955415,8.9,2700,24030.0
2026-04-01 09:30:38.540,20260401,93038540,000009.SZ,1978314,1,1978310,1955417,8.9,3100,27590.0
2026-04-01 09:30:38.700,20260401,93038700,000009.SZ,1980599,-1,0,1761290,0.0,6200,0.0
2026-04-01 09:30:38.770,20260401,93038770,000009.SZ,1981398,1,1981397,1955419,8.9,100,890.0
2026-04-01 09:30:38.810,20260401,93038810,000009.SZ,1981883,2,810850,1981882,8.89,300,2667.0
2026-04-01 09:30:38.810,20260401,93038810,000009.SZ,1981884,2,849606,1981882,8.89,300,2667.0
2026-04-01 09:30:38.810,20260401,93038810,000009.SZ,1981885,2,980644,1981882,8.89,1000,8890.0
2026-04-01 09:30:38.810,20260401,93038810,000009.SZ,1981886,2,1864549,1981882,8.89,5200,46228.0
2026-04-01 09:30:38.870,20260401,93038870,000009.SZ,1982697,1,1982696,1955419,8.9,500,4450.0
2026-04-01 09:30:38.870,20260401,93038870,000009.SZ,1982698,1,1982696,1955425,8.9,300,2670.0
2026-04-01 09:30:38.900,20260401,93038900,000009.SZ,1983181,1,1983180,1955425,8.9,100,890.0
2026-04-01 09:30:39.120,20260401,93039120,000009.SZ,1986080,1,1986079,1955425,8.9,200,1780.0
2026-04-01 09:30:39.230,20260401,93039230,000009.SZ,1987610,2,1864549,1987609,8.89,100,889.0
2026-04-01 09:30:39.230,20260401,93039230,000009.SZ,1987612,-1,0,1873775,0.0,100,0.0
2026-04-01 09:30:39.230,20260401,93039230,000009.SZ,1987614,2,1864549,1987613,8.89,100,889.0
2026-04-01 09:30:39.230,20260401,93039230,000009.SZ,1987616,2,1864549,1987615,8.89,100,889.0
2026-04-01 09:30:39.230,20260401,93039230,000009.SZ,1987618,2,1864549,1987617,8.89,100,889.0
2026-04-01 09:30:39.230,20260401,93039230,000009.SZ,1987622,-1,0,1873787,0.0,5300,0.0
2026-04-01 09:30:39.230,20260401,93039230,000009.SZ,1987629,2,1864549,1987628,8.89,1400,12446.0
2026-04-01 09:30:39.230,20260401,93039230,000009.SZ,1987631,2,1864549,1987630,8.89,100,889.0
2026-04-01 09:30:39.230,20260401,93039230,000009.SZ,1987632,-1,0,1873785,0.0,100,0.0
2026-04-01 09:30:39.230,20260401,93039230,000009.SZ,1987634,2,1864549,1987633,8.89,100,889.0
2026-04-01 09:30:39.230,20260401,93039230,000009.SZ,1987637,2,1864549,1987636,8.89,300,2667.0
2026-04-01 09:30:39.230,20260401,93039230,000009.SZ,1987642,2,1864549,1987641,8.89,200,1778.0
2026-04-01 09:30:39.230,20260401,93039230,000009.SZ,1987646,-1,0,1873788,0.0,200,0.0
2026-04-01 09:30:39.230,20260401,93039230,000009.SZ,1987651,-1,0,1873851,0.0,700,0.0
2026-04-01 09:30:39.230,20260401,93039230,000009.SZ,1987657,-1,0,1874072,0.0,1100,0.0
2026-04-01 09:30:39.230,20260401,93039230,000009.SZ,1987658,-1,0,1873983,0.0,1400,0.0
2026-04-01 09:30:39.230,20260401,93039230,000009.SZ,1987670,2,1864549,1987669,8.89,2300,20447.0
2026-04-01 09:30:39.240,20260401,93039240,000009.SZ,1987826,-1,0,1874426,0.0,700,0.0
2026-04-01 09:30:39.240,20260401,93039240,000009.SZ,1987828,-1,0,1874425,0.0,500,0.0
2026-04-01 09:30:39.240,20260401,93039240,000009.SZ,1987839,-1,0,1874461,0.0,400,0.0
2026-04-01 09:30:39.240,20260401,93039240,000009.SZ,1987846,-1,0,1874449,0.0,1700,0.0
2026-04-01 09:30:39.240,20260401,93039240,000009.SZ,1987848,-1,0,1874465,0.0,700,0.0
2026-04-01 09:30:39.240,20260401,93039240,000009.SZ,1987849,-1,0,1874441,0.0,800,0.0
2026-04-01 09:30:39.260,20260401,93039260,000009.SZ,1988074,-1,0,1875016,0.0,500,0.0
2026-04-01 09:30:39.260,20260401,93039260,000009.SZ,1988075,-1,0,1875014,0.0,5900,0.0
2026-04-01 09:30:39.260,20260401,93039260,000009.SZ,1988096,-1,0,1876107,0.0,10200,0.0
2026-04-01 09:30:39.280,20260401,93039280,000009.SZ,1988430,-1,0,1873866,0.0,2100,0.0
2026-04-01 09:30:39.280,20260401,93039280,000009.SZ,1988552,-1,0,1988328,0.0,200,0.0
2026-04-01 09:30:39.350,20260401,93039350,000009.SZ,1990767,-1,0,1987793,0.0,200,0.0
2026-04-01 09:30:39.390,20260401,93039390,000009.SZ,1992200,-1,0,1989037,0.0,100,0.0
2026-04-01 09:30:39.440,20260401,93039440,000009.SZ,1993608,-1,0,1712872,0.0,2100,0.0
2026-04-01 09:30:39.480,20260401,93039480,000009.SZ,1994602,-1,0,1712861,0.0,1700,0.0
2026-04-01 09:30:39.540,20260401,93039540,000009.SZ,1995574,-1,0,1889760,0.0,26600,0.0
2026-04-01 09:30:39.570,20260401,93039570,000009.SZ,1996563,-1,0,1712854,0.0,3600,0.0
2026-04-01 09:30:39.600,20260401,93039600,000009.SZ,1997291,-1,0,1712856,0.0,17500,0.0
2026-04-01 09:30:39.600,20260401,93039600,000009.SZ,1997609,-1,0,1712870,0.0,32700,0.0
2026-04-01 09:30:39.640,20260401,93039640,000009.SZ,1998709,-1,0,1712859,0.0,1900,0.0
2026-04-01 09:30:39.660,20260401,93039660,000009.SZ,1999048,-1,0,1712862,0.0,500,0.0
2026-04-01 09:30:39.660,20260401,93039660,000009.SZ,1999098,-1,0,1712885,0.0,400,0.0
2026-04-01 09:30:39.660,20260401,93039660,000009.SZ,1999123,-1,0,1712902,0.0,800,0.0
2026-04-01 09:30:39.700,20260401,93039700,000009.SZ,1999821,-1,0,1780846,0.0,400,0.0
2026-04-01 09:30:39.710,20260401,93039710,000009.SZ,2000008,-1,0,1712865,0.0,1800,0.0
2026-04-01 09:30:39.710,20260401,93039710,000009.SZ,2000021,-1,0,1712868,0.0,9300,0.0
2026-04-01 09:30:39.720,20260401,93039720,000009.SZ,2000077,-1,0,1712905,0.0,4000,0.0
2026-04-01 09:30:39.720,20260401,93039720,000009.SZ,2000087,-1,0,1712864,0.0,8200,0.0
2026-04-01 09:30:39.720,20260401,93039720,000009.SZ,2000104,-1,0,1761572,0.0,100,0.0
2026-04-01 09:30:39.750,20260401,93039750,000009.SZ,2000561,-1,0,1712871,0.0,9300,0.0
2026-04-01 09:30:39.800,20260401,93039800,000009.SZ,2001771,-1,0,1712863,0.0,3000,0.0
2026-04-01 09:30:39.810,20260401,93039810,000009.SZ,2001935,-1,0,1955428,0.0,1400,0.0
2026-04-01 09:30:39.810,20260401,93039810,000009.SZ,2001956,-1,0,1955444,0.0,2000,0.0
2026-04-01 09:30:39.810,20260401,93039810,000009.SZ,2001961,-1,0,1955443,0.0,2300,0.0
2026-04-01 09:30:39.810,20260401,93039810,000009.SZ,2002017,-1,0,1955569,0.0,1400,0.0
2026-04-01 09:30:39.820,20260401,93039820,000009.SZ,2002090,-1,0,1955708,0.0,800,0.0
2026-04-01 09:30:39.820,20260401,93039820,000009.SZ,2002263,-1,0,1763553,0.0,500,0.0
2026-04-01 09:30:39.920,20260401,93039920,000009.SZ,2003759,-1,0,1712858,0.0,300,0.0
2026-04-01 09:30:40.080,20260401,93040080,000009.SZ,2005975,-1,0,1955425,0.0,2300,0.0
2026-04-01 09:30:40.080,20260401,93040080,000009.SZ,2006029,-1,0,1894559,0.0,9700,0.0
2026-04-01 09:30:40.120,20260401,93040120,000009.SZ,2006607,-1,0,1896554,0.0,100,0.0
2026-04-01 09:30:40.130,20260401,93040130,000009.SZ,2006791,-1,0,1712857,0.0,1900,0.0
2026-04-01 09:30:40.220,20260401,93040220,000009.SZ,2008653,2,682096,2008652,8.88,100,888.0
2026-04-01 09:30:40.220,20260401,93040220,000009.SZ,2008654,2,695394,2008652,8.88,100,888.0
2026-04-01 09:30:40.220,20260401,93040220,000009.SZ,2008655,2,802847,2008652,8.88,1700,15096.0
2026-04-01 09:30:40.350,20260401,93040350,000009.SZ,2011222,-1,0,1893828,0.0,300,0.0
2026-04-01 09:30:40.490,20260401,93040490,000009.SZ,2014367,-1,0,1955671,0.0,4400,0.0
2026-04-01 09:30:40.720,20260401,93040720,000009.SZ,2018124,-1,0,1781281,0.0,600,0.0
2026-04-01 09:30:40.790,20260401,93040790,000009.SZ,2019666,-1,0,1988955,0.0,200,0.0
2026-04-01 09:30:40.830,20260401,93040830,000009.SZ,2020187,-1,0,1801822,0.0,600,0.0
2026-04-01 09:30:40.850,20260401,93040850,000009.SZ,2020420,-1,0,1889956,0.0,2300,0.0
2026-04-01 09:30:40.870,20260401,93040870,000009.SZ,2020731,1,2020730,1987669,8.89,200,1778.0
2026-04-01 09:30:40.970,20260401,93040970,000009.SZ,2022058,-1,0,1891777,0.0,300,0.0
2026-04-01 09:30:40.970,20260401,93040970,000009.SZ,2022070,-1,0,1891747,0.0,600,0.0
2026-04-01 09:30:40.970,20260401,93040970,000009.SZ,2022077,-1,0,1891749,0.0,8300,0.0
2026-04-01 09:30:40.970,20260401,93040970,000009.SZ,2022081,-1,0,1891732,0.0,1400,0.0
2026-04-01 09:30:40.970,20260401,93040970,000009.SZ,2022082,-1,0,1891761,0.0,300,0.0
2026-04-01 09:30:40.970,20260401,93040970,000009.SZ,2022083,-1,0,1891759,0.0,1400,0.0
2026-04-01 09:30:40.970,20260401,93040970,000009.SZ,2022085,-1,0,1891752,0.0,700,0.0
2026-04-01 09:30:40.970,20260401,93040970,000009.SZ,2022089,-1,0,1891735,0.0,7100,0.0
2026-04-01 09:30:40.970,20260401,93040970,000009.SZ,2022091,-1,0,1891728,0.0,300,0.0
2026-04-01 09:30:40.970,20260401,93040970,000009.SZ,2022094,-1,0,1891765,0.0,1100,0.0
2026-04-01 09:30:40.980,20260401,93040980,000009.SZ,2022128,-1,0,1891788,0.0,1300,0.0
2026-04-01 09:30:41.030,20260401,93041030,000009.SZ,2022763,-1,0,1892907,0.0,5000,0.0
2026-04-01 09:30:41.060,20260401,93041060,000009.SZ,2023165,-1,0,1676153,0.0,2800,0.0
2026-04-01 09:30:41.070,20260401,93041070,000009.SZ,2023418,-1,0,1893676,0.0,500,0.0
2026-04-01 09:30:41.100,20260401,93041100,000009.SZ,2023848,-1,0,1894269,0.0,500,0.0
2026-04-01 09:30:41.110,20260401,93041110,000009.SZ,2023916,-1,0,1894271,0.0,1100,0.0
2026-04-01 09:30:41.110,20260401,93041110,000009.SZ,2024042,-1,0,1894126,0.0,300,0.0
2026-04-01 09:30:42.150,20260401,93042150,000009.SZ,2036598,2,802847,2036597,8.88,300,2664.0
2026-04-01 09:30:42.150,20260401,93042150,000009.SZ,2036599,2,812279,2036597,8.88,2900,25752.0
2026-04-01 09:30:42.150,20260401,93042150,000009.SZ,2036703,2,812279,2036702,8.88,2000,17760.0
2026-04-01 09:30:42.150,20260401,93042150,000009.SZ,2036704,2,1515534,2036702,8.88,200,1776.0
2026-04-01 09:30:42.160,20260401,93042160,000009.SZ,2037045,-1,0,1870511,0.0,11400,0.0
2026-04-01 09:30:42.200,20260401,93042200,000009.SZ,2038225,1,2038224,1987669,8.89,300,2667.0
2026-04-01 09:30:42.220,20260401,93042220,000009.SZ,2038650,-1,0,1987792,0.0,200,0.0
2026-04-01 09:30:42.290,20260401,93042290,000009.SZ,2039931,-1,0,1469332,0.0,200,0.0
2026-04-01 09:30:42.300,20260401,93042300,000009.SZ,2040066,-1,0,2019778,0.0,200,0.0
2026-04-01 09:30:42.380,20260401,93042380,000009.SZ,2041724,1,2041723,1987669,8.89,300,2667.0
2026-04-01 09:30:42.640,20260401,93042640,000009.SZ,2046311,1,2046310,1987669,8.89,1600,14224.0
2026-04-01 09:30:43.400,20260401,93043400,000009.SZ,2060432,2,1515534,2060431,8.88,800,7104.0
2026-04-01 09:30:43.400,20260401,93043400,000009.SZ,2060433,2,1963039,2060431,8.88,3500,31080.0
2026-04-01 09:30:43.410,20260401,93043410,000009.SZ,2060537,-1,0,1897216,0.0,16200,0.0
2026-04-01 09:30:43.410,20260401,93043410,000009.SZ,2060538,-1,0,1904176,0.0,28100,0.0
2026-04-01 09:30:44.170,20260401,93044170,000009.SZ,2071508,1,2071507,1987669,8.89,100,889.0
2026-04-01 09:30:44.170,20260401,93044170,000009.SZ,2071509,1,2071507,1987956,8.89,1200,10668.0
2026-04-01 09:30:44.530,20260401,93044530,000009.SZ,2075268,1,2075267,1987956,8.89,1600,14224.0
2026-04-01 09:30:44.580,20260401,93044580,000009.SZ,2075762,-1,0,1996371,0.0,8200,0.0
2026-04-01 09:30:44.830,20260401,93044830,000009.SZ,2078511,2,1963039,2078510,8.88,1500,13320.0
2026-04-01 09:30:44.830,20260401,93044830,000009.SZ,2078512,2,2065825,2078510,8.88,200,1776.0
2026-04-01 09:30:44.830,20260401,93044830,000009.SZ,2078513,2,2068988,2078510,8.88,200,1776.0
2026-04-01 09:30:44.830,20260401,93044830,000009.SZ,2078514,2,443847,2078510,8.87,700,6209.0
2026-04-01 09:30:44.830,20260401,93044830,000009.SZ,2078515,2,445267,2078510,8.87,8200,72734.0
2026-04-01 09:30:45.260,20260401,93045260,000009.SZ,2084878,1,2084877,2084018,8.88,100,888.0
2026-04-01 09:30:45.260,20260401,93045260,000009.SZ,2084879,1,2084877,1987956,8.89,200,1778.0
2026-04-01 09:30:45.630,20260401,93045630,000009.SZ,2090752,-1,0,2060536,0.0,44300,0.0
2026-04-01 09:30:45.730,20260401,93045730,000009.SZ,2092876,1,2092875,2092790,8.88,900,7992.0
2026-04-01 09:30:45.950,20260401,93045950,000009.SZ,2096437,1,2096436,2092790,8.88,1800,15984.0
2026-04-01 09:30:46.200,20260401,93046200,000009.SZ,2099723,2,2096436,2099722,8.88,3000,26640.0
2026-04-01 09:30:46.770,20260401,93046770,000009.SZ,2110621,-1,0,1617567,0.0,24900,0.0
2026-04-01 09:30:46.880,20260401,93046880,000009.SZ,2111956,2,2096436,2111955,8.88,700,6216.0
2026-04-01 09:30:47.610,20260401,93047610,000009.SZ,2119751,-1,0,1969222,0.0,200,0.0
2026-04-01 09:30:47.620,20260401,93047620,000009.SZ,2119770,-1,0,1969223,0.0,100,0.0
2026-04-01 09:30:47.730,20260401,93047730,000009.SZ,2121033,1,2121032,1987956,8.89,200,1778.0
2026-04-01 09:30:47.840,20260401,93047840,000009.SZ,2122356,2,2096436,2122355,8.88,4500,39960.0
2026-04-01 09:30:47.840,20260401,93047840,000009.SZ,2122357,2,445267,2122355,8.87,400,3548.0
2026-04-01 09:30:47.840,20260401,93047840,000009.SZ,2122358,2,850752,2122355,8.87,1000,8870.0
2026-04-01 09:30:47.840,20260401,93047840,000009.SZ,2122359,2,1258215,2122355,8.87,200,1774.0
2026-04-01 09:30:47.840,20260401,93047840,000009.SZ,2122360,2,1371367,2122355,8.87,500,4435.0
2026-04-01 09:30:48.490,20260401,93048490,000009.SZ,2132426,-1,0,1928504,0.0,3000,0.0
2026-04-01 09:30:48.790,20260401,93048790,000009.SZ,2138715,-1,0,1984047,0.0,100,0.0
2026-04-01 09:30:49.600,20260401,93049600,000009.SZ,2151072,2,2124888,2151071,8.88,100,888.0
2026-04-01 09:30:50.010,20260401,93050010,000009.SZ,2157197,-1,0,2090756,0.0,44300,0.0
2026-04-01 09:30:50.440,20260401,93050440,000009.SZ,2162294,2,1371367,2162293,8.87,600,5322.0
2026-04-01 09:30:50.880,20260401,93050880,000009.SZ,2167020,-1,0,1853905,0.0,400,0.0
2026-04-01 09:30:50.900,20260401,93050900,000009.SZ,2167268,2,1371367,2167267,8.87,100,887.0
2026-04-01 09:30:50.950,20260401,93050950,000009.SZ,2167769,1,2167768,1987956,8.89,800,7112.0
2026-04-01 09:30:50.990,20260401,93050990,000009.SZ,2168116,-1,0,1399198,0.0,400,0.0
2026-04-01 09:30:51.650,20260401,93051650,000009.SZ,2179681,1,2179680,2171863,8.88,900,7992.0
2026-04-01 09:30:51.650,20260401,93051650,000009.SZ,2179682,1,2179680,2172166,8.88,200,1776.0
2026-04-01 09:30:52.370,20260401,93052370,000009.SZ,2190710,-1,1908874,0,0.0,1800,0.0
2026-04-01 09:30:53.180,20260401,93053180,000009.SZ,2202192,-1,0,2187185,0.0,24300,0.0
2026-04-01 09:30:53.370,20260401,93053370,000009.SZ,2204223,-1,0,381866,0.0,2900,0.0
2026-04-01 09:30:53.760,20260401,93053760,000009.SZ,2208632,1,2208631,1987956,8.89,800,7112.0
2026-04-01 09:30:53.760,20260401,93053760,000009.SZ,2208633,1,2208631,1992016,8.89,200,1778.0
2026-04-01 09:30:53.920,20260401,93053920,000009.SZ,2210576,1,2210575,1992016,8.89,500,4445.0
2026-04-01 09:30:53.960,20260401,93053960,000009.SZ,2210951,2,2179680,2210950,8.88,100,888.0
2026-04-01 09:30:54.080,20260401,93054080,000009.SZ,2212329,2,2179680,2212328,8.88,900,7992.0
2026-04-01 09:30:54.150,20260401,93054150,000009.SZ,2213175,2,2179680,2213174,8.88,100,888.0
2026-04-01 09:30:54.150,20260401,93054150,000009.SZ,2213183,2,2179680,2213182,8.88,200,1776.0
2026-04-01 09:30:54.150,20260401,93054150,000009.SZ,2213205,2,2179680,2213204,8.88,300,2664.0
2026-04-01 09:30:54.160,20260401,93054160,000009.SZ,2213931,2,2179680,2213930,8.88,100,888.0
2026-04-01 09:30:54.200,20260401,93054200,000009.SZ,2214891,-1,0,2099327,0.0,300,0.0
2026-04-01 09:30:54.580,20260401,93054580,000009.SZ,2221472,-1,0,434371,0.0,300,0.0
2026-04-01 09:30:54.620,20260401,93054620,000009.SZ,2222564,1,2222563,1992016,8.89,300,2667.0
2026-04-01 09:30:55.280,20260401,93055280,000009.SZ,2232620,-1,0,1713426,0.0,100,0.0
2026-04-01 09:30:55.290,20260401,93055290,000009.SZ,2232753,2,2179680,2232752,8.88,200,1776.0
2026-04-01 09:30:55.710,20260401,93055710,000009.SZ,2240498,1,2240497,1992016,8.89,200,1778.0
2026-04-01 09:30:56.200,20260401,93056200,000009.SZ,2246422,2,2179680,2246421,8.88,1600,14208.0
2026-04-01 09:30:56.520,20260401,93056520,000009.SZ,2249844,-1,0,1407763,0.0,6900,0.0
2026-04-01 09:30:56.800,20260401,93056800,000009.SZ,2252697,2,2179680,2252696,8.88,400,3552.0
2026-04-01 09:30:56.800,20260401,93056800,000009.SZ,2252698,2,1371367,2252696,8.87,800,7096.0
2026-04-01 09:30:56.800,20260401,93056800,000009.SZ,2252699,2,1391703,2252696,8.87,1400,12418.0
2026-04-01 09:30:57.320,20260401,93057320,000009.SZ,2259652,-1,0,1473321,0.0,4000,0.0
2026-04-01 09:30:57.680,20260401,93057680,000009.SZ,2266208,2,1391703,2266207,8.87,1600,14192.0
2026-04-01 09:30:57.780,20260401,93057780,000009.SZ,2267824,-1,0,1747887,0.0,1700,0.0
2026-04-01 09:30:58.560,20260401,93058560,000009.SZ,2279747,-1,0,1840665,0.0,4000,0.0
2026-04-01 09:30:58.710,20260401,93058710,000009.SZ,2282172,1,2282171,2257026,8.88,2000,17760.0
2026-04-01 09:30:58.990,20260401,93058990,000009.SZ,2285282,1,2285281,2257026,8.88,4300,38184.0
2026-04-01 09:30:58.990,20260401,93058990,000009.SZ,2285283,1,2285281,2257716,8.88,13500,119880.0
2026-04-01 09:30:59.360,20260401,93059360,000009.SZ,2289601,2,2285281,2289600,8.88,1300,11544.0
2026-04-01 09:30:59.870,20260401,93059870,000009.SZ,2295029,2,2285281,2295028,8.88,500,4440.0
2026-04-01 09:31:00.150,20260401,93100150,000009.SZ,2298632,2,2285281,2298631,8.88,100,888.0
2026-04-01 09:31:00.240,20260401,93100240,000009.SZ,2302096,-1,0,1398913,0.0,1100,0.0
2026-04-01 09:31:00.430,20260401,93100430,000009.SZ,2307586,2,2285281,2307585,8.88,10300,91464.0
2026-04-01 09:31:00.430,20260401,93100430,000009.SZ,2307587,2,2290548,2307585,8.88,35500,315240.0
2026-04-01 09:31:00.500,20260401,93100500,000009.SZ,2309248,-1,0,2039734,0.0,900,0.0
2026-04-01 09:31:00.500,20260401,93100500,000009.SZ,2309272,-1,0,2039750,0.0,400,0.0
2026-04-01 09:31:00.500,20260401,93100500,000009.SZ,2309273,-1,0,2039757,0.0,1500,0.0
2026-04-01 09:31:00.500,20260401,93100500,000009.SZ,2309274,-1,0,2039781,0.0,1300,0.0
2026-04-01 09:31:00.500,20260401,93100500,000009.SZ,2309277,-1,0,2039772,0.0,5300,0.0
2026-04-01 09:31:00.500,20260401,93100500,000009.SZ,2309278,-1,0,2039762,0.0,400,0.0
2026-04-01 09:31:00.530,20260401,93100530,000009.SZ,2309858,2,2290548,2309857,8.88,14500,128760.0
2026-04-01 09:31:00.530,20260401,93100530,000009.SZ,2309859,2,2123543,2309857,8.87,6600,58542.0
2026-04-01 09:31:00.580,20260401,93100580,000009.SZ,2311234,2,2123543,2311233,8.87,100,887.0
2026-04-01 09:31:00.620,20260401,93100620,000009.SZ,2312136,-1,0,2042237,0.0,400,0.0
2026-04-01 09:31:00.620,20260401,93100620,000009.SZ,2312139,-1,0,2042228,0.0,600,0.0
2026-04-01 09:31:00.620,20260401,93100620,000009.SZ,2312140,-1,0,2042262,0.0,700,0.0
2026-04-01 09:31:00.620,20260401,93100620,000009.SZ,2312141,-1,0,2042252,0.0,400,0.0
2026-04-01 09:31:00.620,20260401,93100620,000009.SZ,2312150,-1,0,2042254,0.0,2500,0.0
2026-04-01 09:31:00.620,20260401,93100620,000009.SZ,2312159,-1,0,2042269,0.0,1400,0.0
2026-04-01 09:31:00.630,20260401,93100630,000009.SZ,2312230,-1,0,2042408,0.0,2600,0.0
2026-04-01 09:31:00.640,20260401,93100640,000009.SZ,2313167,-1,0,2091114,0.0,1800,0.0
2026-04-01 09:31:01.030,20260401,93101030,000009.SZ,2322299,2,2123543,2322298,8.87,100,887.0
2026-04-01 09:31:01.300,20260401,93101300,000009.SZ,2328156,2,2123543,2328155,8.87,200,1774.0
2026-04-01 09:31:01.400,20260401,93101400,000009.SZ,2331398,1,2331397,1992016,8.89,200,1778.0
2026-04-01 09:31:01.740,20260401,93101740,000009.SZ,2341094,1,2341093,2331466,8.88,2500,22200.0
2026-04-01 09:31:02.390,20260401,93102390,000009.SZ,2350373,2,2123543,2350372,8.87,600,5322.0
2026-04-01 09:31:02.570,20260401,93102570,000009.SZ,2353163,-1,0,1404269,0.0,100,0.0
2026-04-01 09:31:03.220,20260401,93103220,000009.SZ,2362200,-1,0,2036594,0.0,100,0.0
2026-04-01 09:31:03.220,20260401,93103220,000009.SZ,2362201,-1,0,2036613,0.0,200,0.0
2026-04-01 09:31:03.220,20260401,93103220,000009.SZ,2362204,-1,0,2036601,0.0,400,0.0
2026-04-01 09:31:03.220,20260401,93103220,000009.SZ,2362205,-1,0,2036605,0.0,100,0.0
2026-04-01 09:31:03.230,20260401,93103230,000009.SZ,2362491,2,2123543,2362490,8.87,200,1774.0
2026-04-01 09:31:03.330,20260401,93103330,000009.SZ,2366351,-1,0,2331466,0.0,14000,0.0
2026-04-01 09:31:03.800,20260401,93103800,000009.SZ,2378880,-1,0,1981335,0.0,700,0.0
2026-04-01 09:31:03.810,20260401,93103810,000009.SZ,2379087,-1,0,1967390,0.0,700,0.0
2026-04-01 09:31:03.860,20260401,93103860,000009.SZ,2379694,-1,0,1968995,0.0,100,0.0
2026-04-01 09:31:04.110,20260401,93104110,000009.SZ,2383709,-1,0,1972604,0.0,300,0.0
2026-04-01 09:31:04.490,20260401,93104490,000009.SZ,2392275,1,2392274,2340918,8.88,100,888.0
2026-04-01 09:31:04.490,20260401,93104490,000009.SZ,2392276,1,2392274,2391165,8.88,200,1776.0
2026-04-01 09:31:04.490,20260401,93104490,000009.SZ,2392277,1,2392274,1992016,8.89,700,6223.0
2026-04-01 09:31:05.150,20260401,93105150,000009.SZ,2405173,-1,0,1986660,0.0,500,0.0
2026-04-01 09:31:05.150,20260401,93105150,000009.SZ,2405244,-1,0,1986725,0.0,200,0.0
2026-04-01 09:31:05.150,20260401,93105150,000009.SZ,2405251,-1,0,1986856,0.0,500,0.0
2026-04-01 09:31:05.150,20260401,93105150,000009.SZ,2405255,-1,0,1986706,0.0,100,0.0
2026-04-01 09:31:05.160,20260401,93105160,000009.SZ,2405317,-1,0,1986719,0.0,300,0.0
2026-04-01 09:31:05.980,20260401,93105980,000009.SZ,2416137,1,2416136,1992016,8.89,900,8001.0
2026-04-01 09:31:06.150,20260401,93106150,000009.SZ,2418556,2,2406817,2418555,8.88,400,3552.0
2026-04-01 09:31:06.150,20260401,93106150,000009.SZ,2418557,2,2123543,2418555,8.87,200,1774.0
2026-04-01 09:31:06.190,20260401,93106190,000009.SZ,2419789,-1,2190886,0,0.0,1700,0.0
2026-04-01 09:31:06.240,20260401,93106240,000009.SZ,2421373,-1,0,1470626,0.0,1800,0.0
2026-04-01 09:31:06.240,20260401,93106240,000009.SZ,2421382,-1,0,1658034,0.0,1800,0.0
2026-04-01 09:31:06.310,20260401,93106310,000009.SZ,2422984,1,2422983,1992016,8.89,700,6223.0
2026-04-01 09:31:06.490,20260401,93106490,000009.SZ,2426599,-1,0,1467805,0.0,2000,0.0
2026-04-01 09:31:06.880,20260401,93106880,000009.SZ,2436563,1,2436562,1992016,8.89,1200,10668.0
2026-04-01 09:31:07.170,20260401,93107170,000009.SZ,2440900,-1,0,1311333,0.0,200,0.0
2026-04-01 09:31:07.180,20260401,93107180,000009.SZ,2441651,-1,0,1311360,0.0,200,0.0
2026-04-01 09:31:07.210,20260401,93107210,000009.SZ,2442359,-1,0,1311348,0.0,200,0.0
2026-04-01 09:31:07.250,20260401,93107250,000009.SZ,2443126,1,2443125,1992016,8.89,1600,14224.0
2026-04-01 09:31:07.440,20260401,93107440,000009.SZ,2448191,1,2448190,1992016,8.89,400,3556.0
2026-04-01 09:31:07.440,20260401,93107440,000009.SZ,2448192,1,2448190,2040294,8.89,800,7112.0
2026-04-01 09:31:07.750,20260401,93107750,000009.SZ,2455618,1,2455617,2455347,8.88,300,2664.0
2026-04-01 09:31:07.750,20260401,93107750,000009.SZ,2455619,1,2455617,2040294,8.89,500,4445.0
2026-04-01 09:31:07.750,20260401,93107750,000009.SZ,2455620,1,2455617,2084640,8.89,3300,29337.0
2026-04-01 09:31:07.750,20260401,93107750,000009.SZ,2455621,1,2455617,2084703,8.89,1800,16002.0
2026-04-01 09:31:07.750,20260401,93107750,000009.SZ,2455622,1,2455617,2119808,8.89,300,2667.0
2026-04-01 09:31:07.750,20260401,93107750,000009.SZ,2455623,1,2455617,2127628,8.89,200,1778.0
2026-04-01 09:31:07.750,20260401,93107750,000009.SZ,2455624,1,2455617,2171811,8.89,3300,29337.0
2026-04-01 09:31:07.750,20260401,93107750,000009.SZ,2455625,1,2455617,2171882,8.89,1000,8890.0
2026-04-01 09:31:08.620,20260401,93108620,000009.SZ,2467020,-1,0,1831258,0.0,3000,0.0
2026-04-01 09:31:08.800,20260401,93108800,000009.SZ,2469356,-1,0,2350921,0.0,200,0.0
2026-04-01 09:31:09.190,20260401,93109190,000009.SZ,2474734,-1,0,2418209,0.0,100,0.0
2026-04-01 09:31:09.190,20260401,93109190,000009.SZ,2474744,-1,0,2418214,0.0,400,0.0
2026-04-01 09:31:09.190,20260401,93109190,000009.SZ,2474747,-1,0,2418260,0.0,100,0.0
2026-04-01 09:31:09.190,20260401,93109190,000009.SZ,2474757,-1,0,2418261,0.0,200,0.0
2026-04-01 09:31:09.190,20260401,93109190,000009.SZ,2474772,1,2474771,2458765,8.88,100,888.0
2026-04-01 09:31:09.190,20260401,93109190,000009.SZ,2474773,1,2474771,2460996,8.88,500,4440.0
2026-04-01 09:31:09.190,20260401,93109190,000009.SZ,2474774,1,2474771,2469397,8.88,200,1776.0
2026-04-01 09:31:09.190,20260401,93109190,000009.SZ,2474775,1,2474771,2474496,8.88,100,888.0
2026-04-01 09:31:09.200,20260401,93109200,000009.SZ,2475111,2,2123543,2475110,8.87,500,4435.0
2026-04-01 09:31:09.280,20260401,93109280,000009.SZ,2477021,-1,445204,0,0.0,4800,0.0
2026-04-01 09:31:10.020,20260401,93110020,000009.SZ,2492032,1,2492031,2474496,8.88,700,6216.0
2026-04-01 09:31:10.570,20260401,93110570,000009.SZ,2502797,1,2502796,2474496,8.88,1000,8880.0
2026-04-01 09:31:10.620,20260401,93110620,000009.SZ,2503755,1,2503754,2474496,8.88,300,2664.0
2026-04-01 09:31:10.980,20260401,93110980,000009.SZ,2509494,1,2509493,2474496,8.88,1000,8880.0
2026-04-01 09:31:11.380,20260401,93111380,000009.SZ,2514534,-1,0,1446583,0.0,100,0.0
2026-04-01 09:31:11.450,20260401,93111450,000009.SZ,2515299,-1,0,1969105,0.0,100,0.0
2026-04-01 09:31:11.450,20260401,93111450,000009.SZ,2515304,-1,0,1969224,0.0,100,0.0
2026-04-01 09:31:11.920,20260401,93111920,000009.SZ,2521699,1,2521698,2474496,8.88,900,7992.0
2026-04-01 09:31:12.220,20260401,93112220,000009.SZ,2526823,-1,0,1658040,0.0,1700,0.0
2026-04-01 09:31:12.220,20260401,93112220,000009.SZ,2526825,-1,0,1771783,0.0,1900,0.0
2026-04-01 09:31:12.230,20260401,93112230,000009.SZ,2527174,2,2123543,2527173,8.87,200,1774.0
2026-04-01 09:31:12.230,20260401,93112230,000009.SZ,2527192,2,2123543,2527191,8.87,200,1774.0
2026-04-01 09:31:12.240,20260401,93112240,000009.SZ,2527270,2,2123543,2527269,8.87,200,1774.0
2026-04-01 09:31:12.450,20260401,93112450,000009.SZ,2532058,2,2123543,2532057,8.87,200,1774.0
2026-04-01 09:31:12.640,20260401,93112640,000009.SZ,2536513,2,2123543,2536512,8.87,200,1774.0
2026-04-01 09:31:13.680,20260401,93113680,000009.SZ,2556345,1,2556344,2474496,8.88,100,888.0
2026-04-01 09:31:14.110,20260401,93114110,000009.SZ,2562096,1,2562095,2474496,8.88,1200,10656.0
2026-04-01 09:31:14.110,20260401,93114110,000009.SZ,2562097,1,2562095,2476498,8.88,3600,31968.0
2026-04-01 09:31:15.040,20260401,93115040,000009.SZ,2573015,1,2573014,2476498,8.88,200,1776.0
2026-04-01 09:31:15.150,20260401,93115150,000009.SZ,2574544,2,2123543,2574543,8.87,200,1774.0
2026-04-01 09:31:15.230,20260401,93115230,000009.SZ,2577111,2,2123543,2577110,8.87,300,2661.0
2026-04-01 09:31:15.230,20260401,93115230,000009.SZ,2577118,2,2123543,2577117,8.87,1200,10644.0
2026-04-01 09:31:15.230,20260401,93115230,000009.SZ,2577119,2,2279399,2577117,8.87,300,2661.0
2026-04-01 09:31:15.230,20260401,93115230,000009.SZ,2577121,2,2279399,2577120,8.87,100,887.0
2026-04-01 09:31:15.230,20260401,93115230,000009.SZ,2577127,2,2279399,2577126,8.87,100,887.0
2026-04-01 09:31:15.230,20260401,93115230,000009.SZ,2577138,2,2279399,2577137,8.87,2300,20401.0
2026-04-01 09:31:15.230,20260401,93115230,000009.SZ,2577140,2,2279399,2577139,8.87,1300,11531.0
2026-04-01 09:31:15.240,20260401,93115240,000009.SZ,2577250,2,2279399,2577249,8.87,900,7983.0
2026-04-01 09:31:15.240,20260401,93115240,000009.SZ,2577251,2,2300102,2577249,8.87,900,7983.0
2026-04-01 09:31:15.360,20260401,93115360,000009.SZ,2579184,2,2300102,2579183,8.87,100,887.0
2026-04-01 09:31:15.360,20260401,93115360,000009.SZ,2579188,2,2300102,2579187,8.87,100,887.0
2026-04-01 09:31:15.360,20260401,93115360,000009.SZ,2579201,2,2300102,2579200,8.87,400,3548.0
2026-04-01 09:31:15.360,20260401,93115360,000009.SZ,2579203,2,2300102,2579202,8.87,100,887.0
2026-04-01 09:31:15.360,20260401,93115360,000009.SZ,2579208,2,2300102,2579207,8.87,200,1774.0
2026-04-01 09:31:15.360,20260401,93115360,000009.SZ,2579212,2,2300102,2579211,8.87,200,1774.0
2026-04-01 09:31:15.360,20260401,93115360,000009.SZ,2579228,2,2300102,2579227,8.87,800,7096.0
2026-04-01 09:31:15.360,20260401,93115360,000009.SZ,2579229,2,2308225,2579227,8.87,500,4435.0
2026-04-01 09:31:15.360,20260401,93115360,000009.SZ,2579244,2,2308225,2579243,8.87,1000,8870.0
2026-04-01 09:31:15.360,20260401,93115360,000009.SZ,2579246,2,2308225,2579245,8.87,900,7983.0
2026-04-01 09:31:15.370,20260401,93115370,000009.SZ,2579320,2,2308225,2579319,8.87,600,5322.0
2026-04-01 09:31:15.370,20260401,93115370,000009.SZ,2579404,2,2308225,2579403,8.87,2000,17740.0
2026-04-01 09:31:15.370,20260401,93115370,000009.SZ,2579405,2,2434527,2579403,8.87,700,6209.0
2026-04-01 09:31:15.370,20260401,93115370,000009.SZ,2579444,2,2434590,2579443,8.87,200,1774.0
2026-04-01 09:31:15.370,20260401,93115370,000009.SZ,2579454,2,2434590,2579453,8.87,300,2661.0
2026-04-01 09:31:16.110,20260401,93116110,000009.SZ,2593691,1,2593690,2476498,8.88,900,7992.0
2026-04-01 09:31:16.370,20260401,93116370,000009.SZ,2599301,1,2599300,2476498,8.88,600,5328.0
2026-04-01 09:31:16.370,20260401,93116370,000009.SZ,2599336,1,2599335,2476498,8.88,5000,44400.0
2026-04-01 09:31:16.430,20260401,93116430,000009.SZ,2600694,-1,0,1928873,0.0,3200,0.0
2026-04-01 09:31:16.430,20260401,93116430,000009.SZ,2600746,2,2572473,2600745,8.87,700,6209.0
2026-04-01 09:31:16.430,20260401,93116430,000009.SZ,2600747,2,9504,2600745,8.86,100,886.0
2026-04-01 09:31:16.430,20260401,93116430,000009.SZ,2600748,2,9505,2600745,8.86,100,886.0
2026-04-01 09:31:16.430,20260401,93116430,000009.SZ,2600749,2,9509,2600745,8.86,100,886.0
2026-04-01 09:31:16.430,20260401,93116430,000009.SZ,2600750,2,9510,2600745,8.86,100,886.0
2026-04-01 09:31:16.430,20260401,93116430,000009.SZ,2600751,2,407193,2600745,8.86,600,5316.0
2026-04-01 09:31:16.730,20260401,93116730,000009.SZ,2606495,-1,809755,0,0.0,3500,0.0
2026-04-01 09:31:16.950,20260401,93116950,000009.SZ,2610461,-1,0,2609088,0.0,300,0.0
2026-04-01 09:31:17.020,20260401,93117020,000009.SZ,2611261,-1,0,2609357,0.0,100,0.0
2026-04-01 09:31:17.020,20260401,93117020,000009.SZ,2611304,1,2611303,2604969,8.87,300,2661.0
2026-04-01 09:31:17.020,20260401,93117020,000009.SZ,2611305,1,2611303,2604970,8.87,100,887.0
2026-04-01 09:31:17.020,20260401,93117020,000009.SZ,2611306,1,2611303,2609192,8.87,100,887.0
2026-04-01 09:31:17.020,20260401,93117020,000009.SZ,2611307,1,2611303,2609198,8.87,400,3548.0
2026-04-01 09:31:17.020,20260401,93117020,000009.SZ,2611308,1,2611303,2476498,8.88,1600,14208.0
2026-04-01 09:31:17.020,20260401,93117020,000009.SZ,2611309,1,2611303,2479628,8.88,1000,8880.0
2026-04-01 09:31:17.020,20260401,93117020,000009.SZ,2611310,1,2611303,2481469,8.88,2200,19536.0
2026-04-01 09:31:17.110,20260401,93117110,000009.SZ,2612571,1,2612570,2611545,8.87,200,1774.0
2026-04-01 09:31:17.110,20260401,93117110,000009.SZ,2612572,1,2612570,2612528,8.87,200,1774.0
2026-04-01 09:31:17.330,20260401,93117330,000009.SZ,2615227,-1,0,1928790,0.0,4400,0.0
2026-04-01 09:31:17.330,20260401,93117330,000009.SZ,2615263,2,407193,2615262,8.86,400,3544.0
2026-04-01 09:31:17.330,20260401,93117330,000009.SZ,2615264,2,428960,2615262,8.86,200,1772.0
2026-04-01 09:31:17.330,20260401,93117330,000009.SZ,2615265,2,803266,2615262,8.86,3400,30124.0
2026-04-01 09:31:17.420,20260401,93117420,000009.SZ,2616209,1,2616208,2612528,8.87,200,1774.0
2026-04-01 09:31:17.420,20260401,93117420,000009.SZ,2616210,1,2616208,2612542,8.87,300,2661.0
2026-04-01 09:31:17.420,20260401,93117420,000009.SZ,2616211,1,2616208,2481469,8.88,700,6216.0
2026-04-01 09:31:17.560,20260401,93117560,000009.SZ,2617862,1,2617861,2481469,8.88,400,3552.0
2026-04-01 09:31:18.120,20260401,93118120,000009.SZ,2624929,1,2624928,2620250,8.87,500,4435.0
2026-04-01 09:31:18.120,20260401,93118120,000009.SZ,2624930,1,2624928,2620251,8.87,400,3548.0
2026-04-01 09:31:18.250,20260401,93118250,000009.SZ,2626869,1,2626868,2620251,8.87,300,2661.0
2026-04-01 09:31:18.250,20260401,93118250,000009.SZ,2626870,1,2626868,2620253,8.87,200,1774.0
2026-04-01 09:31:18.280,20260401,93118280,000009.SZ,2627262,-1,0,2524872,0.0,100,0.0
2026-04-01 09:31:18.470,20260401,93118470,000009.SZ,2632600,-1,0,1416714,0.0,1000,0.0
2026-04-01 09:31:18.470,20260401,93118470,000009.SZ,2632771,-1,0,1468361,0.0,400,0.0
2026-04-01 09:31:18.480,20260401,93118480,000009.SZ,2633180,-1,0,1418054,0.0,1000,0.0
2026-04-01 09:31:18.480,20260401,93118480,000009.SZ,2633434,-1,0,1418554,0.0,700,0.0
2026-04-01 09:31:18.580,20260401,93118580,000009.SZ,2637755,-1,0,1431930,0.0,2500,0.0
2026-04-01 09:31:18.580,20260401,93118580,000009.SZ,2637800,-1,0,1460217,0.0,500,0.0
2026-04-01 09:31:18.580,20260401,93118580,000009.SZ,2637808,-1,0,1442435,0.0,500,0.0
2026-04-01 09:31:18.590,20260401,93118590,000009.SZ,2638410,1,2638409,2620253,8.87,500,4435.0
2026-04-01 09:31:18.590,20260401,93118590,000009.SZ,2638411,1,2638409,2627264,8.87,700,6209.0
2026-04-01 09:31:18.660,20260401,93118660,000009.SZ,2640042,-1,0,1462821,0.0,500,0.0
2026-04-01 09:31:18.870,20260401,93118870,000009.SZ,2645452,2,803266,2645451,8.86,1000,8860.0
2026-04-01 09:31:19.040,20260401,93119040,000009.SZ,2648359,2,803266,2648358,8.86,400,3544.0
2026-04-01 09:31:19.130,20260401,93119130,000009.SZ,2649619,-1,0,2648088,0.0,500,0.0
2026-04-01 09:31:19.940,20260401,93119940,000009.SZ,2664739,1,2664738,2627264,8.87,600,5322.0
2026-04-01 09:31:19.940,20260401,93119940,000009.SZ,2664740,1,2664738,2629482,8.87,600,5322.0
2026-04-01 09:31:19.950,20260401,93119950,000009.SZ,2664916,-1,0,2019899,0.0,2000,0.0
2026-04-01 09:31:20.030,20260401,93120030,000009.SZ,2665928,-1,0,2524868,0.0,100,0.0
2026-04-01 09:31:20.030,20260401,93120030,000009.SZ,2665938,-1,0,2524883,0.0,200,0.0
2026-04-01 09:31:20.030,20260401,93120030,000009.SZ,2665939,-1,0,2524869,0.0,400,0.0
2026-04-01 09:31:20.230,20260401,93120230,000009.SZ,2668588,-1,0,2438580,0.0,1400,0.0
2026-04-01 09:31:20.690,20260401,93120690,000009.SZ,2674615,-1,0,2672117,0.0,200,0.0
2026-04-01 09:31:20.690,20260401,93120690,000009.SZ,2674622,-1,0,2672138,0.0,400,0.0
2026-04-01 09:31:21.100,20260401,93121100,000009.SZ,2680784,-1,0,2070624,0.0,4000,0.0
2026-04-01 09:31:21.210,20260401,93121210,000009.SZ,2684304,2,803266,2684303,8.86,900,7974.0
2026-04-01 09:31:21.660,20260401,93121660,000009.SZ,2695856,1,2695855,2629482,8.87,200,1774.0
2026-04-01 09:31:21.870,20260401,93121870,000009.SZ,2700723,2,803266,2700722,8.86,1000,8860.0
2026-04-01 09:31:22.250,20260401,93122250,000009.SZ,2708332,1,2708331,2629482,8.87,2300,20401.0
2026-04-01 09:31:22.250,20260401,93122250,000009.SZ,2708333,1,2708331,2629575,8.87,2600,23062.0
2026-04-01 09:31:22.250,20260401,93122250,000009.SZ,2708334,1,2708331,2632773,8.87,2100,18627.0
2026-04-01 09:31:22.250,20260401,93122250,000009.SZ,2708335,1,2708331,2632844,8.87,2300,20401.0
2026-04-01 09:31:22.250,20260401,93122250,000009.SZ,2708336,1,2708331,2632869,8.87,500,4435.0
