timestamp,date,stamp,code,order_no,bs_flag,order_type,order_price,order_volume
2026-03-27 09:15:00.030,20260327,91500030,000009.SZ,468,1,0,8.4,100
2026-03-27 09:15:00.030,20260327,91500030,000009.SZ,915,2,0,9.75,100
2026-03-27 09:15:00.040,20260327,91500040,000009.SZ,1486,2,0,9.6,300
2026-03-27 09:15:00.040,20260327,91500040,000009.SZ,1836,1,0,8.08,700
2026-03-27 09:15:00.040,20260327,91500040,000009.SZ,2203,2,0,9.63,300
2026-03-27 09:15:00.040,20260327,91500040,000009.SZ,2974,2,0,8.6,2300
2026-03-27 09:15:00.040,20260327,91500040,000009.SZ,3174,2,0,9.5,31000
2026-03-27 09:15:00.040,20260327,91500040,000009.SZ,3564,2,0,9.76,100
2026-03-27 09:15:00.040,20260327,91500040,000009.SZ,4147,2,0,9.76,1000
2026-03-27 09:15:00.040,20260327,91500040,000009.SZ,4326,2,0,9.15,1800
2026-03-27 09:15:00.050,20260327,91500050,000009.SZ,4747,2,0,9.75,2000
2026-03-27 09:15:00.050,20260327,91500050,000009.SZ,5794,1,0,8.4,300
2026-03-27 09:15:00.050,20260327,91500050,000009.SZ,6503,2,0,8.99,2000
2026-03-27 09:15:00.050,20260327,91500050,000009.SZ,7089,2,0,9.06,1100
2026-03-27 09:15:00.050,20260327,91500050,000009.SZ,7195,2,0,9.76,100
2026-03-27 09:15:00.050,20260327,91500050,000009.SZ,7197,2,0,9.68,100
2026-03-27 09:15:00.050,20260327,91500050,000009.SZ,7198,2,0,9.59,100
2026-03-27 09:15:00.050,20260327,91500050,000009.SZ,7986,2,0,9.2,4600
2026-03-27 09:15:00.060,20260327,91500060,000009.SZ,8030,1,0,8.99,12000
2026-03-27 09:15:00.060,20260327,91500060,000009.SZ,8278,1,0,8.5,500
2026-03-27 09:15:00.060,20260327,91500060,000009.SZ,8279,2,0,9.26,600
2026-03-27 09:15:00.060,20260327,91500060,000009.SZ,9377,2,0,9.37,500
2026-03-27 09:15:00.060,20260327,91500060,000009.SZ,9463,2,0,9.38,5000
2026-03-27 09:15:00.060,20260327,91500060,000009.SZ,9495,2,0,8.96,2400
2026-03-27 09:15:00.060,20260327,91500060,000009.SZ,9995,2,0,9.49,1000
2026-03-27 09:15:00.060,20260327,91500060,000009.SZ,10858,1,0,8.3,100
2026-03-27 09:15:00.060,20260327,91500060,000009.SZ,12165,2,0,9.3,900
2026-03-27 09:15:00.060,20260327,91500060,000009.SZ,12231,2,0,9.76,200
2026-03-27 09:15:00.070,20260327,91500070,000009.SZ,13749,2,0,9.38,400
2026-03-27 09:15:00.070,20260327,91500070,000009.SZ,14205,2,0,9.75,11000
2026-03-27 09:15:00.070,20260327,91500070,000009.SZ,14910,2,0,9.3,4300
2026-03-27 09:15:00.070,20260327,91500070,000009.SZ,14912,2,0,9.4,10000
2026-03-27 09:15:00.070,20260327,91500070,000009.SZ,15049,2,0,9.5,8000
2026-03-27 09:15:00.070,20260327,91500070,000009.SZ,15050,2,0,9.6,8000
2026-03-27 09:15:00.070,20260327,91500070,000009.SZ,15260,2,0,9.06,2000
2026-03-27 09:15:00.080,20260327,91500080,000009.SZ,15906,1,0,8.5,200
2026-03-27 09:15:00.080,20260327,91500080,000009.SZ,16052,2,0,9.76,200
2026-03-27 09:15:00.080,20260327,91500080,000009.SZ,16118,1,0,8.81,1000
2026-03-27 09:15:00.080,20260327,91500080,000009.SZ,16791,2,0,9.75,3000
2026-03-27 09:15:00.080,20260327,91500080,000009.SZ,17556,1,0,8.6,6600
2026-03-27 09:15:00.080,20260327,91500080,000009.SZ,17586,1,0,8.73,2000
2026-03-27 09:15:00.080,20260327,91500080,000009.SZ,17622,2,0,9.17,1000
2026-03-27 09:15:00.080,20260327,91500080,000009.SZ,17678,2,0,9.09,12900
2026-03-27 09:15:00.080,20260327,91500080,000009.SZ,18157,2,0,9.35,2000
2026-03-27 09:15:00.080,20260327,91500080,000009.SZ,18158,1,0,8.45,3000
2026-03-27 09:15:00.080,20260327,91500080,000009.SZ,18822,2,0,9.69,600
2026-03-27 09:15:00.080,20260327,91500080,000009.SZ,18888,2,0,9.25,100
2026-03-27 09:15:00.090,20260327,91500090,000009.SZ,19012,2,0,9.4,100
2026-03-27 09:15:00.090,20260327,91500090,000009.SZ,19100,2,0,7.99,100
2026-03-27 09:15:00.090,20260327,91500090,000009.SZ,19395,1,0,8.63,3600
2026-03-27 09:15:00.090,20260327,91500090,000009.SZ,20615,2,0,9.19,500
2026-03-27 09:15:00.090,20260327,91500090,000009.SZ,20617,1,0,8.87,1000
2026-03-27 09:15:00.090,20260327,91500090,000009.SZ,20618,1,0,8.8,1000
2026-03-27 09:15:00.090,20260327,91500090,000009.SZ,20619,1,0,8.7,1000
2026-03-27 09:15:00.090,20260327,91500090,000009.SZ,20620,1,0,8.6,1000
2026-03-27 09:15:00.090,20260327,91500090,000009.SZ,20629,2,0,9.39,500
2026-03-27 09:15:00.090,20260327,91500090,000009.SZ,20810,1,0,8.49,600
2026-03-27 09:15:00.100,20260327,91500100,000009.SZ,21850,1,0,8.72,100
2026-03-27 09:15:00.100,20260327,91500100,000009.SZ,22178,2,0,9.69,600
2026-03-27 09:15:00.100,20260327,91500100,000009.SZ,23476,2,0,9.19,1000
2026-03-27 09:15:00.100,20260327,91500100,000009.SZ,23739,2,0,8.87,300
2026-03-27 09:15:00.100,20260327,91500100,000009.SZ,23745,2,0,9.29,10000
2026-03-27 09:15:00.100,20260327,91500100,000009.SZ,23749,2,0,9.39,10000
2026-03-27 09:15:00.100,20260327,91500100,000009.SZ,23751,2,0,9.2,12000
2026-03-27 09:15:00.100,20260327,91500100,000009.SZ,23752,2,0,9.29,10000
2026-03-27 09:15:00.100,20260327,91500100,000009.SZ,23753,2,0,9.39,10000
2026-03-27 09:15:00.100,20260327,91500100,000009.SZ,23795,2,0,9.09,10000
2026-03-27 09:15:00.100,20260327,91500100,000009.SZ,23796,2,0,9.19,10000
2026-03-27 09:15:00.100,20260327,91500100,000009.SZ,23797,2,0,9.29,10000
2026-03-27 09:15:00.100,20260327,91500100,000009.SZ,23799,2,0,9.39,10000
2026-03-27 09:15:00.100,20260327,91500100,000009.SZ,23800,2,0,9.69,10000
2026-03-27 09:15:00.100,20260327,91500100,000009.SZ,23878,2,0,9.09,10000
2026-03-27 09:15:00.100,20260327,91500100,000009.SZ,23880,2,0,9.29,10000
2026-03-27 09:15:00.100,20260327,91500100,000009.SZ,23882,2,0,9.39,10000
2026-03-27 09:15:00.100,20260327,91500100,000009.SZ,23883,2,0,9.69,20000
2026-03-27 09:15:00.100,20260327,91500100,000009.SZ,24062,2,0,9.09,6000
2026-03-27 09:15:00.100,20260327,91500100,000009.SZ,24063,2,0,9.29,10000
2026-03-27 09:15:00.100,20260327,91500100,000009.SZ,24071,2,0,9.39,10000
2026-03-27 09:15:00.100,20260327,91500100,000009.SZ,24074,2,0,9.69,10000
2026-03-27 09:15:00.100,20260327,91500100,000009.SZ,24633,2,0,9.06,500
2026-03-27 09:15:00.100,20260327,91500100,000009.SZ,24634,2,0,9.29,1000
2026-03-27 09:15:00.100,20260327,91500100,000009.SZ,25087,2,0,9.05,300
2026-03-27 09:15:00.110,20260327,91500110,000009.SZ,27414,2,0,9.31,1000
2026-03-27 09:15:00.110,20260327,91500110,000009.SZ,28228,1,0,8.4,2000
2026-03-27 09:15:00.110,20260327,91500110,000009.SZ,28680,2,0,9.75,100
2026-03-27 09:15:00.110,20260327,91500110,000009.SZ,29080,2,0,9.49,30000
2026-03-27 09:15:00.110,20260327,91500110,000009.SZ,29090,2,0,9.59,20000
2026-03-27 09:15:00.110,20260327,91500110,000009.SZ,29140,1,0,8.18,300
2026-03-27 09:15:00.110,20260327,91500110,000009.SZ,29145,2,0,9.69,20000
2026-03-27 09:15:00.120,20260327,91500120,000009.SZ,29255,2,0,9.76,5000
2026-03-27 09:15:00.120,20260327,91500120,000009.SZ,30313,2,0,9.2,6000
2026-03-27 09:15:00.120,20260327,91500120,000009.SZ,30315,2,0,9.37,6000
2026-03-27 09:15:00.120,20260327,91500120,000009.SZ,30435,1,0,8.6,100
2026-03-27 09:15:00.120,20260327,91500120,000009.SZ,31184,2,0,9.76,400
2026-03-27 09:15:00.120,20260327,91500120,000009.SZ,31999,2,0,9.26,1500
2026-03-27 09:15:00.120,20260327,91500120,000009.SZ,32278,2,0,9.76,500
2026-03-27 09:15:00.120,20260327,91500120,000009.SZ,32535,2,0,9.59,1200
2026-03-27 09:15:00.130,20260327,91500130,000009.SZ,34766,2,0,9.76,5000
2026-03-27 09:15:00.130,20260327,91500130,000009.SZ,34782,2,0,9.59,20000
2026-03-27 09:15:00.130,20260327,91500130,000009.SZ,34783,2,0,9.69,10000
2026-03-27 09:15:00.130,20260327,91500130,000009.SZ,35332,2,0,9.23,6000
2026-03-27 09:15:00.130,20260327,91500130,000009.SZ,35523,2,0,9.75,100
2026-03-27 09:15:00.130,20260327,91500130,000009.SZ,35524,2,0,9.6,100
2026-03-27 09:15:00.130,20260327,91500130,000009.SZ,35715,2,0,9.76,20000
2026-03-27 09:15:00.140,20260327,91500140,000009.SZ,36607,2,0,9.48,1000
2026-03-27 09:15:00.140,20260327,91500140,000009.SZ,37026,1,0,8.4,300
2026-03-27 09:15:00.140,20260327,91500140,000009.SZ,37199,2,0,9.08,500
2026-03-27 09:15:00.140,20260327,91500140,000009.SZ,37546,2,0,9.0,1000
2026-03-27 09:15:00.140,20260327,91500140,000009.SZ,37548,2,0,9.15,1000
2026-03-27 09:15:00.140,20260327,91500140,000009.SZ,37645,2,0,9.46,600
2026-03-27 09:15:00.150,20260327,91500150,000009.SZ,40036,2,0,9.76,100
2026-03-27 09:15:00.150,20260327,91500150,000009.SZ,40208,2,0,9.22,1000
2026-03-27 09:15:00.150,20260327,91500150,000009.SZ,40209,2,0,9.35,2000
2026-03-27 09:15:00.150,20260327,91500150,000009.SZ,40568,2,0,9.3,5000
2026-03-27 09:15:00.150,20260327,91500150,000009.SZ,41936,2,0,9.14,5000
2026-03-27 09:15:00.150,20260327,91500150,000009.SZ,41956,1,0,7.98,800
2026-03-27 09:15:00.160,20260327,91500160,000009.SZ,43902,2,0,8.87,4500
2026-03-27 09:15:00.160,20260327,91500160,000009.SZ,44722,2,0,9.65,500
2026-03-27 09:15:00.170,20260327,91500170,000009.SZ,45282,2,0,9.2,200
2026-03-27 09:15:00.170,20260327,91500170,000009.SZ,45324,2,0,9.55,1800
2026-03-27 09:15:00.170,20260327,91500170,000009.SZ,46161,2,0,9.5,500
2026-03-27 09:15:00.180,20260327,91500180,000009.SZ,47912,2,0,9.3,1000
2026-03-27 09:15:00.180,20260327,91500180,000009.SZ,48077,2,0,9.55,400
2026-03-27 09:15:00.180,20260327,91500180,000009.SZ,48323,2,0,9.45,200
2026-03-27 09:15:00.180,20260327,91500180,000009.SZ,49458,2,0,9.4,1000
2026-03-27 09:15:00.180,20260327,91500180,000009.SZ,49611,2,0,9.3,1800
2026-03-27 09:15:00.180,20260327,91500180,000009.SZ,49628,2,0,9.76,400
2026-03-27 09:15:00.190,20260327,91500190,000009.SZ,50142,2,0,9.58,2000
2026-03-27 09:15:00.190,20260327,91500190,000009.SZ,50577,2,0,9.04,400
2026-03-27 09:15:00.190,20260327,91500190,000009.SZ,50684,2,0,9.45,5000
2026-03-27 09:15:00.190,20260327,91500190,000009.SZ,51211,2,0,9.3,800
2026-03-27 09:15:00.190,20260327,91500190,000009.SZ,51514,2,0,9.7,200
2026-03-27 09:15:00.190,20260327,91500190,000009.SZ,51573,2,0,9.76,2000
2026-03-27 09:15:00.190,20260327,91500190,000009.SZ,51921,1,0,8.19,500
2026-03-27 09:15:00.200,20260327,91500200,000009.SZ,52796,2,0,9.66,300
2026-03-27 09:15:00.200,20260327,91500200,000009.SZ,54043,1,0,8.6,500
2026-03-27 09:15:00.200,20260327,91500200,000009.SZ,54181,2,0,9.55,200
2026-03-27 09:15:00.200,20260327,91500200,000009.SZ,54213,2,0,9.4,1300
2026-03-27 09:15:00.200,20260327,91500200,000009.SZ,54352,2,0,8.99,1000
2026-03-27 09:15:00.200,20260327,91500200,000009.SZ,54904,2,0,9.75,2000
2026-03-27 09:15:00.210,20260327,91500210,000009.SZ,54937,2,0,9.12,200
2026-03-27 09:15:00.210,20260327,91500210,000009.SZ,54938,2,0,9.33,200
2026-03-27 09:15:00.210,20260327,91500210,000009.SZ,54939,2,0,9.53,200
2026-03-27 09:15:00.210,20260327,91500210,000009.SZ,54940,2,0,9.66,200
2026-03-27 09:15:00.210,20260327,91500210,000009.SZ,55863,2,0,9.76,2000
2026-03-27 09:15:00.210,20260327,91500210,000009.SZ,56424,2,0,8.95,1400
2026-03-27 09:15:00.210,20260327,91500210,000009.SZ,56887,2,0,9.38,300
2026-03-27 09:15:00.220,20260327,91500220,000009.SZ,57068,2,0,9.45,1000
2026-03-27 09:15:00.220,20260327,91500220,000009.SZ,57069,2,0,9.05,700
2026-03-27 09:15:00.220,20260327,91500220,000009.SZ,57070,2,0,9.76,1000
2026-03-27 09:15:00.220,20260327,91500220,000009.SZ,57389,2,0,9.27,1300
2026-03-27 09:15:00.220,20260327,91500220,000009.SZ,58779,2,0,9.16,1000
2026-03-27 09:15:00.220,20260327,91500220,000009.SZ,58809,1,0,8.28,2000
2026-03-27 09:15:00.230,20260327,91500230,000009.SZ,59225,1,0,8.35,400
2026-03-27 09:15:00.230,20260327,91500230,000009.SZ,60112,1,0,8.79,300
2026-03-27 09:15:00.240,20260327,91500240,000009.SZ,61909,2,0,9.75,2000
2026-03-27 09:15:00.250,20260327,91500250,000009.SZ,63958,2,0,9.22,5000
2026-03-27 09:15:00.250,20260327,91500250,000009.SZ,63959,2,0,9.33,5000
2026-03-27 09:15:00.250,20260327,91500250,000009.SZ,63960,2,0,9.44,5000
2026-03-27 09:15:00.250,20260327,91500250,000009.SZ,63981,2,0,9.55,11800
2026-03-27 09:15:00.260,20260327,91500260,000009.SZ,65772,1,0,8.3,10000
2026-03-27 09:15:00.280,20260327,91500280,000009.SZ,68062,2,0,9.44,100
2026-03-27 09:15:00.280,20260327,91500280,000009.SZ,68063,2,0,9.71,100
2026-03-27 09:15:00.280,20260327,91500280,000009.SZ,68261,2,0,9.28,1400
2026-03-27 09:15:00.280,20260327,91500280,000009.SZ,68266,2,0,9.58,1000
2026-03-27 09:15:00.280,20260327,91500280,000009.SZ,68267,2,0,9.76,1000
2026-03-27 09:15:00.280,20260327,91500280,000009.SZ,68283,2,0,9.76,2000
2026-03-27 09:15:00.280,20260327,91500280,000009.SZ,68786,1,0,8.0,400
2026-03-27 09:15:00.280,20260327,91500280,000009.SZ,68928,2,0,9.34,100
2026-03-27 09:15:00.280,20260327,91500280,000009.SZ,68932,2,0,9.5,100
2026-03-27 09:15:00.280,20260327,91500280,000009.SZ,68956,1,0,8.2,100
2026-03-27 09:15:00.280,20260327,91500280,000009.SZ,68959,1,0,8.44,100
2026-03-27 09:15:00.280,20260327,91500280,000009.SZ,68960,1,0,8.64,100
2026-03-27 09:15:00.290,20260327,91500290,000009.SZ,69572,2,0,9.04,1100
2026-03-27 09:15:00.290,20260327,91500290,000009.SZ,70055,2,0,9.28,1000
2026-03-27 09:15:00.290,20260327,91500290,000009.SZ,70058,2,0,9.68,6000
2026-03-27 09:15:00.300,20260327,91500300,000009.SZ,71664,2,0,9.23,400
2026-03-27 09:15:00.320,20260327,91500320,000009.SZ,73888,1,0,8.46,700
2026-03-27 09:15:00.320,20260327,91500320,000009.SZ,74248,2,0,9.73,600
2026-03-27 09:15:00.320,20260327,91500320,000009.SZ,74316,2,0,9.06,1500
2026-03-27 09:15:00.340,20260327,91500340,000009.SZ,76185,2,0,9.76,2500
2026-03-27 09:15:00.340,20260327,91500340,000009.SZ,76355,2,0,9.11,600
2026-03-27 09:15:00.340,20260327,91500340,000009.SZ,76541,1,0,8.08,700
2026-03-27 09:15:00.340,20260327,91500340,000009.SZ,77225,1,0,8.8,200
2026-03-27 09:15:00.340,20260327,91500340,000009.SZ,77226,1,0,8.5,300
2026-03-27 09:15:00.350,20260327,91500350,000009.SZ,77519,2,0,9.74,1000
2026-03-27 09:15:00.350,20260327,91500350,000009.SZ,78349,2,0,9.0,1500
2026-03-27 09:15:00.360,20260327,91500360,000009.SZ,78530,2,0,9.15,1900
2026-03-27 09:15:00.360,20260327,91500360,000009.SZ,78532,1,0,8.78,1000
2026-03-27 09:15:00.360,20260327,91500360,000009.SZ,79450,1,0,8.04,700
2026-03-27 09:15:00.360,20260327,91500360,000009.SZ,79454,2,0,9.63,300
2026-03-27 09:15:00.370,20260327,91500370,000009.SZ,79611,2,0,9.76,600
2026-03-27 09:15:00.370,20260327,91500370,000009.SZ,79939,1,0,8.6,3200
2026-03-27 09:15:00.380,20260327,91500380,000009.SZ,80791,1,0,8.71,300
2026-03-27 09:15:00.380,20260327,91500380,000009.SZ,80825,2,0,8.99,200
2026-03-27 09:15:00.380,20260327,91500380,000009.SZ,80946,1,0,8.0,100
2026-03-27 09:15:00.380,20260327,91500380,000009.SZ,81189,2,0,9.6,200
2026-03-27 09:15:00.380,20260327,91500380,000009.SZ,81190,2,0,9.75,300
2026-03-27 09:15:00.390,20260327,91500390,000009.SZ,82366,2,0,9.28,80000
2026-03-27 09:15:00.390,20260327,91500390,000009.SZ,82415,2,0,9.29,200
2026-03-27 09:15:00.390,20260327,91500390,000009.SZ,82634,1,0,8.01,200
2026-03-27 09:15:00.400,20260327,91500400,000009.SZ,83231,1,0,8.08,700
2026-03-27 09:15:00.400,20260327,91500400,000009.SZ,83233,2,0,9.63,300
2026-03-27 09:15:00.410,20260327,91500410,000009.SZ,83592,2,0,9.48,2900
2026-03-27 09:15:00.420,20260327,91500420,000009.SZ,84413,2,0,9.05,11400
2026-03-27 09:15:00.420,20260327,91500420,000009.SZ,84762,2,0,9.6,600
2026-03-27 09:15:00.420,20260327,91500420,000009.SZ,84969,2,0,9.5,100
2026-03-27 09:15:00.450,20260327,91500450,000009.SZ,86907,2,0,9.13,1000
2026-03-27 09:15:00.450,20260327,91500450,000009.SZ,86908,2,0,9.23,1000
2026-03-27 09:15:00.450,20260327,91500450,000009.SZ,86909,2,0,9.33,3000
2026-03-27 09:15:00.450,20260327,91500450,000009.SZ,86910,2,0,9.43,3000
2026-03-27 09:15:00.450,20260327,91500450,000009.SZ,87000,2,0,9.05,7100
2026-03-27 09:15:00.450,20260327,91500450,000009.SZ,87514,1,0,8.4,500
2026-03-27 09:15:00.460,20260327,91500460,000009.SZ,88042,2,0,9.63,2900
2026-03-27 09:15:00.460,20260327,91500460,000009.SZ,88066,2,0,9.76,100
2026-03-27 09:15:00.460,20260327,91500460,000009.SZ,88181,2,0,9.19,7000
2026-03-27 09:15:00.460,20260327,91500460,000009.SZ,88528,2,0,9.07,500
2026-03-27 09:15:00.470,20260327,91500470,000009.SZ,89004,2,0,9.58,1500
2026-03-27 09:15:00.480,20260327,91500480,000009.SZ,89607,2,0,9.0,2000
2026-03-27 09:15:00.490,20260327,91500490,000009.SZ,91141,2,0,9.4,500
2026-03-27 09:15:00.500,20260327,91500500,000009.SZ,92013,2,0,9.76,21500
2026-03-27 09:15:00.500,20260327,91500500,000009.SZ,92164,2,0,9.6,4800
2026-03-27 09:15:00.510,20260327,91500510,000009.SZ,93029,2,0,9.7,1600
2026-03-27 09:15:00.510,20260327,91500510,000009.SZ,93859,2,0,9.3,5000
2026-03-27 09:15:00.510,20260327,91500510,000009.SZ,93997,2,0,9.0,1000
2026-03-27 09:15:00.520,20260327,91500520,000009.SZ,94410,2,0,9.04,40000
2026-03-27 09:15:00.520,20260327,91500520,000009.SZ,94472,2,0,9.09,1000
2026-03-27 09:15:00.530,20260327,91500530,000009.SZ,95635,2,0,9.4,100
2026-03-27 09:15:00.540,20260327,91500540,000009.SZ,96065,1,0,8.64,100
2026-03-27 09:15:00.540,20260327,91500540,000009.SZ,96525,1,0,8.5,400
2026-03-27 09:15:00.540,20260327,91500540,000009.SZ,96542,2,0,8.95,300
2026-03-27 09:15:00.540,20260327,91500540,000009.SZ,96901,1,0,8.42,500
2026-03-27 09:15:00.540,20260327,91500540,000009.SZ,96902,2,0,9.76,1000
2026-03-27 09:15:00.540,20260327,91500540,000009.SZ,96917,2,0,9.07,30000
2026-03-27 09:15:00.560,20260327,91500560,000009.SZ,98455,2,0,9.1,100
2026-03-27 09:15:00.570,20260327,91500570,000009.SZ,98991,2,0,9.17,3500
2026-03-27 09:15:00.570,20260327,91500570,000009.SZ,99254,1,0,8.48,15000
2026-03-27 09:15:00.570,20260327,91500570,000009.SZ,99391,2,0,9.4,300
2026-03-27 09:15:00.570,20260327,91500570,000009.SZ,99840,1,0,8.65,500
2026-03-27 09:15:00.590,20260327,91500590,000009.SZ,101027,2,0,9.58,1300
2026-03-27 09:15:00.590,20260327,91500590,000009.SZ,101090,2,0,9.76,2500
2026-03-27 09:15:00.600,20260327,91500600,000009.SZ,101622,2,0,8.88,700
2026-03-27 09:15:00.610,20260327,91500610,000009.SZ,102138,2,0,9.7,1000
2026-03-27 09:15:00.610,20260327,91500610,000009.SZ,102491,1,0,8.6,100
2026-03-27 09:15:00.620,20260327,91500620,000009.SZ,103236,2,0,9.4,400
2026-03-27 09:15:00.620,20260327,91500620,000009.SZ,103237,1,0,8.0,200
2026-03-27 09:15:00.630,20260327,91500630,000009.SZ,103760,2,0,9.07,1600
2026-03-27 09:15:00.630,20260327,91500630,000009.SZ,103808,2,0,9.7,2300
2026-03-27 09:15:00.630,20260327,91500630,000009.SZ,103866,1,0,8.6,2000
2026-03-27 09:15:00.640,20260327,91500640,000009.SZ,105350,2,0,9.76,100
2026-03-27 09:15:00.660,20260327,91500660,000009.SZ,107305,2,0,9.75,1500
2026-03-27 09:15:00.670,20260327,91500670,000009.SZ,107784,2,0,9.0,1000
2026-03-27 09:15:00.670,20260327,91500670,000009.SZ,108033,2,0,9.38,1000
2026-03-27 09:15:00.680,20260327,91500680,000009.SZ,109125,2,0,9.18,500
2026-03-27 09:15:00.690,20260327,91500690,000009.SZ,109797,2,0,9.76,1000
2026-03-27 09:15:00.690,20260327,91500690,000009.SZ,109942,1,0,8.87,100
2026-03-27 09:15:00.720,20260327,91500720,000009.SZ,111489,1,0,8.88,100
2026-03-27 09:15:00.720,20260327,91500720,000009.SZ,111631,1,0,8.42,1000
2026-03-27 09:15:00.740,20260327,91500740,000009.SZ,113084,1,0,8.8,1000
2026-03-27 09:15:00.750,20260327,91500750,000009.SZ,113384,2,0,9.2,5000
2026-03-27 09:15:00.750,20260327,91500750,000009.SZ,113965,2,0,9.76,100
2026-03-27 09:15:00.760,20260327,91500760,000009.SZ,114065,1,0,7.98,500
2026-03-27 09:15:00.760,20260327,91500760,000009.SZ,114406,2,0,9.75,400
2026-03-27 09:15:00.780,20260327,91500780,000009.SZ,115989,2,0,9.5,3500
2026-03-27 09:15:00.780,20260327,91500780,000009.SZ,116329,2,0,9.38,1000
2026-03-27 09:15:00.800,20260327,91500800,000009.SZ,117792,2,0,9.18,60000
2026-03-27 09:15:00.800,20260327,91500800,000009.SZ,117973,2,0,9.25,400
2026-03-27 09:15:00.830,20260327,91500830,000009.SZ,120056,2,0,9.06,1000
2026-03-27 09:15:00.840,20260327,91500840,000009.SZ,120468,2,0,9.75,600
2026-03-27 09:15:00.840,20260327,91500840,000009.SZ,120636,2,0,9.75,100
2026-03-27 09:15:00.850,20260327,91500850,000009.SZ,121168,2,0,9.6,1000
2026-03-27 09:15:00.860,20260327,91500860,000009.SZ,121726,2,0,9.06,900
2026-03-27 09:15:00.880,20260327,91500880,000009.SZ,123579,1,0,8.35,1000
2026-03-27 09:15:00.880,20260327,91500880,000009.SZ,123701,2,0,9.61,500
2026-03-27 09:15:00.880,20260327,91500880,000009.SZ,123773,2,0,9.31,20000
2026-03-27 09:15:00.890,20260327,91500890,000009.SZ,123834,2,0,9.18,1000
2026-03-27 09:15:00.890,20260327,91500890,000009.SZ,124403,2,0,9.1,100
2026-03-27 09:15:00.920,20260327,91500920,000009.SZ,125874,2,0,9.73,600
2026-03-27 09:15:00.930,20260327,91500930,000009.SZ,125958,2,0,9.18,1000
2026-03-27 09:15:00.930,20260327,91500930,000009.SZ,126295,2,0,9.76,100
2026-03-27 09:15:00.930,20260327,91500930,000009.SZ,126328,1,0,8.41,1000
2026-03-27 09:15:00.960,20260327,91500960,000009.SZ,127683,2,0,9.29,500
2026-03-27 09:15:00.960,20260327,91500960,000009.SZ,127750,2,0,9.7,700
2026-03-27 09:15:00.960,20260327,91500960,000009.SZ,127755,1,0,8.5,500
2026-03-27 09:15:00.960,20260327,91500960,000009.SZ,128138,2,0,9.76,600
2026-03-27 09:15:00.980,20260327,91500980,000009.SZ,128914,2,0,9.33,3500
2026-03-27 09:15:00.980,20260327,91500980,000009.SZ,128915,2,0,9.6,1500
2026-03-27 09:15:00.990,20260327,91500990,000009.SZ,129310,2,0,9.75,200
2026-03-27 09:15:00.990,20260327,91500990,000009.SZ,129311,2,0,9.55,200
2026-03-27 09:15:00.990,20260327,91500990,000009.SZ,129461,1,0,8.09,800
2026-03-27 09:15:00.990,20260327,91500990,000009.SZ,129466,1,0,8.31,800
2026-03-27 09:15:00.990,20260327,91500990,000009.SZ,129694,1,0,8.45,700
2026-03-27 09:15:01.010,20260327,91501010,000009.SZ,130479,1,0,8.68,500
2026-03-27 09:15:01.010,20260327,91501010,000009.SZ,130515,2,0,9.74,1000
2026-03-27 09:15:01.010,20260327,91501010,000009.SZ,130674,1,0,8.41,1800
2026-03-27 09:15:01.010,20260327,91501010,000009.SZ,130804,2,0,9.08,8000
2026-03-27 09:15:01.020,20260327,91501020,000009.SZ,131384,2,0,9.67,700
2026-03-27 09:15:01.030,20260327,91501030,000009.SZ,131864,2,0,9.15,3000
2026-03-27 09:15:01.050,20260327,91501050,000009.SZ,132780,1,0,8.71,300
2026-03-27 09:15:01.050,20260327,91501050,000009.SZ,132798,2,0,9.33,4000
2026-03-27 09:15:01.060,20260327,91501060,000009.SZ,133326,2,0,8.89,200
2026-03-27 09:15:01.070,20260327,91501070,000009.SZ,133695,2,0,9.07,3000
2026-03-27 09:15:01.080,20260327,91501080,000009.SZ,134435,2,0,9.66,4100
2026-03-27 09:15:01.080,20260327,91501080,000009.SZ,134436,2,0,9.33,4500
2026-03-27 09:15:01.080,20260327,91501080,000009.SZ,134552,2,0,9.76,1000
2026-03-27 09:15:01.090,20260327,91501090,000009.SZ,134728,2,0,9.5,100
2026-03-27 09:15:01.090,20260327,91501090,000009.SZ,134833,2,0,9.09,35000
2026-03-27 09:15:01.090,20260327,91501090,000009.SZ,134834,2,0,9.29,2000
2026-03-27 09:15:01.170,20260327,91501170,000009.SZ,138751,2,0,9.6,200
2026-03-27 09:15:01.210,20260327,91501210,000009.SZ,140704,2,0,9.7,1800
2026-03-27 09:15:01.220,20260327,91501220,000009.SZ,141061,2,0,9.76,200
2026-03-27 09:15:01.220,20260327,91501220,000009.SZ,141212,2,0,9.18,1000
2026-03-27 09:15:01.230,20260327,91501230,000009.SZ,141483,1,0,8.54,300
2026-03-27 09:15:01.230,20260327,91501230,000009.SZ,141486,2,0,9.42,300
2026-03-27 09:15:01.250,20260327,91501250,000009.SZ,142134,2,0,9.17,400
2026-03-27 09:15:01.270,20260327,91501270,000009.SZ,143048,2,0,9.05,1000
2026-03-27 09:15:01.310,20260327,91501310,000009.SZ,144780,2,0,9.35,1000
2026-03-27 09:15:01.320,20260327,91501320,000009.SZ,145008,2,0,8.6,500
2026-03-27 09:15:01.320,20260327,91501320,000009.SZ,145487,1,0,7.98,3000
2026-03-27 09:15:01.330,20260327,91501330,000009.SZ,145971,1,0,8.82,100
2026-03-27 09:15:01.340,20260327,91501340,000009.SZ,146336,1,0,8.11,100
2026-03-27 09:15:01.340,20260327,91501340,000009.SZ,146542,2,0,9.3,2000
2026-03-27 09:15:01.340,20260327,91501340,000009.SZ,146673,1,0,8.56,6000
2026-03-27 09:15:01.360,20260327,91501360,000009.SZ,147545,2,0,9.0,400
2026-03-27 09:15:01.370,20260327,91501370,000009.SZ,148376,2,0,9.32,5000
2026-03-27 09:15:01.420,20260327,91501420,000009.SZ,150532,2,0,9.07,1100
2026-03-27 09:15:01.420,20260327,91501420,000009.SZ,150561,1,0,8.76,1100
2026-03-27 09:15:01.460,20260327,91501460,000009.SZ,152522,2,0,9.5,600
2026-03-27 09:15:01.480,20260327,91501480,000009.SZ,153283,2,0,9.58,4000
2026-03-27 09:15:01.570,20260327,91501570,000009.SZ,157767,1,0,8.52,500
2026-03-27 09:15:01.590,20260327,91501590,000009.SZ,158629,2,0,8.87,200
2026-03-27 09:15:01.600,20260327,91501600,000009.SZ,158903,2,0,9.15,2000
2026-03-27 09:15:01.630,20260327,91501630,000009.SZ,159760,1,0,8.5,3000
2026-03-27 09:15:01.640,20260327,91501640,000009.SZ,160290,2,0,9.53,200
2026-03-27 09:15:01.680,20260327,91501680,000009.SZ,162636,1,0,8.67,600
2026-03-27 09:15:01.680,20260327,91501680,000009.SZ,162811,1,0,8.4,2000
2026-03-27 09:15:01.740,20260327,91501740,000009.SZ,165068,1,0,8.08,700
2026-03-27 09:15:01.740,20260327,91501740,000009.SZ,165070,2,0,9.63,300
2026-03-27 09:15:01.740,20260327,91501740,000009.SZ,165296,2,0,9.76,5000
2026-03-27 09:15:01.750,20260327,91501750,000009.SZ,166151,2,0,9.02,5000
2026-03-27 09:15:01.750,20260327,91501750,000009.SZ,166155,2,0,8.93,5000
2026-03-27 09:15:01.760,20260327,91501760,000009.SZ,166615,2,0,9.75,2600
2026-03-27 09:15:01.760,20260327,91501760,000009.SZ,166630,2,0,9.76,1600
2026-03-27 09:15:01.770,20260327,91501770,000009.SZ,166922,2,0,8.89,5000
2026-03-27 09:15:01.790,20260327,91501790,000009.SZ,167887,2,0,9.15,1000
2026-03-27 09:15:01.790,20260327,91501790,000009.SZ,167911,2,0,9.25,1000
2026-03-27 09:15:01.790,20260327,91501790,000009.SZ,167913,2,0,9.32,2000
2026-03-27 09:15:01.790,20260327,91501790,000009.SZ,167999,2,0,8.88,5000
2026-03-27 09:15:01.800,20260327,91501800,000009.SZ,168640,2,0,9.18,500
2026-03-27 09:15:01.800,20260327,91501800,000009.SZ,168708,2,0,9.18,2000
2026-03-27 09:15:01.800,20260327,91501800,000009.SZ,168719,2,0,9.48,1000
2026-03-27 09:15:01.810,20260327,91501810,000009.SZ,169139,2,0,9.27,106
2026-03-27 09:15:01.810,20260327,91501810,000009.SZ,169530,1,0,8.8,100
2026-03-27 09:15:01.840,20260327,91501840,000009.SZ,170678,2,0,8.99,1000
2026-03-27 09:15:01.850,20260327,91501850,000009.SZ,170978,2,0,8.5,2700
2026-03-27 09:15:01.850,20260327,91501850,000009.SZ,171277,1,0,8.0,800
2026-03-27 09:15:01.880,20260327,91501880,000009.SZ,172413,2,0,9.1,100
2026-03-27 09:15:01.890,20260327,91501890,000009.SZ,172749,1,0,8.75,100
2026-03-27 09:15:01.890,20260327,91501890,000009.SZ,172752,2,0,9.25,100
2026-03-27 09:15:01.890,20260327,91501890,000009.SZ,172753,2,0,9.5,100
2026-03-27 09:15:01.890,20260327,91501890,000009.SZ,172836,2,0,8.98,2600
2026-03-27 09:15:01.890,20260327,91501890,000009.SZ,172841,1,0,8.68,200
2026-03-27 09:15:01.900,20260327,91501900,000009.SZ,173142,2,0,9.03,200
2026-03-27 09:15:01.910,20260327,91501910,000009.SZ,173684,2,0,9.11,300
2026-03-27 09:15:01.920,20260327,91501920,000009.SZ,174279,2,0,9.0,300
2026-03-27 09:15:01.920,20260327,91501920,000009.SZ,174283,2,0,9.13,300
2026-03-27 09:15:01.920,20260327,91501920,000009.SZ,174284,2,0,9.45,300
2026-03-27 09:15:01.920,20260327,91501920,000009.SZ,174285,2,0,9.76,1000
2026-03-27 09:15:01.950,20260327,91501950,000009.SZ,175008,1,0,8.0,300
2026-03-27 09:15:01.960,20260327,91501960,000009.SZ,175538,1,0,8.56,500
2026-03-27 09:15:01.960,20260327,91501960,000009.SZ,175544,1,0,8.61,5000
2026-03-27 09:15:02.020,20260327,91502020,000009.SZ,177479,2,0,9.15,3000
2026-03-27 09:15:02.080,20260327,91502080,000009.SZ,179405,2,0,9.1,1000
2026-03-27 09:15:02.140,20260327,91502140,000009.SZ,181093,2,0,9.05,5800
2026-03-27 09:15:02.190,20260327,91502190,000009.SZ,182272,2,0,8.94,2900
2026-03-27 09:15:02.210,20260327,91502210,000009.SZ,182533,2,0,9.14,2500
2026-03-27 09:15:02.220,20260327,91502220,000009.SZ,182815,2,0,9.52,800
2026-03-27 09:15:02.250,20260327,91502250,000009.SZ,183319,2,0,9.05,1300
2026-03-27 09:15:02.260,20260327,91502260,000009.SZ,183447,1,0,8.08,5000
2026-03-27 09:15:02.300,20260327,91502300,000009.SZ,184516,1,0,8.84,100
2026-03-27 09:15:02.320,20260327,91502320,000009.SZ,185040,2,0,9.5,400
2026-03-27 09:15:02.340,20260327,91502340,000009.SZ,185682,2,0,9.76,1000
2026-03-27 09:15:02.340,20260327,91502340,000009.SZ,185755,2,0,9.26,100
2026-03-27 09:15:02.360,20260327,91502360,000009.SZ,186238,2,0,9.04,10000
2026-03-27 09:15:02.370,20260327,91502370,000009.SZ,186410,2,0,8.94,2000
2026-03-27 09:15:02.380,20260327,91502380,000009.SZ,186773,2,0,9.75,300
2026-03-27 09:15:02.390,20260327,91502390,000009.SZ,186928,2,0,9.72,3000
2026-03-27 09:15:02.430,20260327,91502430,000009.SZ,187372,1,0,8.87,100
2026-03-27 09:15:02.450,20260327,91502450,000009.SZ,187678,2,0,9.12,1100
2026-03-27 09:15:02.460,20260327,91502460,000009.SZ,187879,2,0,9.14,300
2026-03-27 09:15:02.470,20260327,91502470,000009.SZ,188313,2,0,9.73,300
2026-03-27 09:15:02.480,20260327,91502480,000009.SZ,188688,2,0,9.45,100
2026-03-27 09:15:02.480,20260327,91502480,000009.SZ,188800,2,0,9.2,1000
2026-03-27 09:15:02.490,20260327,91502490,000009.SZ,188959,2,0,9.76,14800
2026-03-27 09:15:02.490,20260327,91502490,000009.SZ,188981,1,0,7.99,1300
2026-03-27 09:15:02.490,20260327,91502490,000009.SZ,189172,1,0,8.82,600
2026-03-27 09:15:02.490,20260327,91502490,000009.SZ,189173,1,0,8.79,400
2026-03-27 09:15:02.510,20260327,91502510,000009.SZ,189687,1,0,8.4,300
2026-03-27 09:15:02.510,20260327,91502510,000009.SZ,189897,1,0,8.4,1200
2026-03-27 09:15:02.510,20260327,91502510,000009.SZ,189898,1,0,8.5,1000
2026-03-27 09:15:02.510,20260327,91502510,000009.SZ,189903,1,0,8.67,500
2026-03-27 09:15:02.530,20260327,91502530,000009.SZ,190287,2,0,9.7,500
2026-03-27 09:15:02.590,20260327,91502590,000009.SZ,191502,2,0,9.12,10000
2026-03-27 09:15:02.710,20260327,91502710,000009.SZ,193453,1,0,8.87,500
2026-03-27 09:15:02.710,20260327,91502710,000009.SZ,193534,1,0,8.87,3400
2026-03-27 09:15:02.740,20260327,91502740,000009.SZ,194353,2,0,9.15,500
2026-03-27 09:15:02.750,20260327,91502750,000009.SZ,194507,2,0,9.22,3000
2026-03-27 09:15:02.750,20260327,91502750,000009.SZ,194513,1,0,8.47,1000
2026-03-27 09:15:02.750,20260327,91502750,000009.SZ,194548,1,0,8.87,1000
2026-03-27 09:15:02.780,20260327,91502780,000009.SZ,195003,2,0,9.73,100
2026-03-27 09:15:02.810,20260327,91502810,000009.SZ,195710,2,0,9.76,3000
2026-03-27 09:15:02.830,20260327,91502830,000009.SZ,196003,2,0,9.75,1600
2026-03-27 09:15:02.830,20260327,91502830,000009.SZ,196121,2,0,9.29,1400
2026-03-27 09:15:02.840,20260327,91502840,000009.SZ,196483,2,0,9.4,300
2026-03-27 09:15:02.860,20260327,91502860,000009.SZ,196992,1,0,8.0,3000
2026-03-27 09:15:02.900,20260327,91502900,000009.SZ,197795,2,0,9.19,500
2026-03-27 09:15:02.990,20260327,91502990,000009.SZ,198900,2,0,9.15,600
2026-03-27 09:15:03.040,20260327,91503040,000009.SZ,199457,2,0,9.07,500
2026-03-27 09:15:03.040,20260327,91503040,000009.SZ,199463,2,0,9.33,600
2026-03-27 09:15:03.040,20260327,91503040,000009.SZ,199464,2,0,9.75,800
2026-03-27 09:15:03.050,20260327,91503050,000009.SZ,199542,2,0,9.76,2200
2026-03-27 09:15:03.050,20260327,91503050,000009.SZ,199571,2,0,9.76,17200
2026-03-27 09:15:03.070,20260327,91503070,000009.SZ,199803,2,0,9.31,9000
2026-03-27 09:15:03.070,20260327,91503070,000009.SZ,199809,2,0,9.31,9000
2026-03-27 09:15:03.110,20260327,91503110,000009.SZ,200150,2,0,9.31,10700
2026-03-27 09:15:03.210,20260327,91503210,000009.SZ,201392,2,0,9.19,1800
2026-03-27 09:15:03.210,20260327,91503210,000009.SZ,201393,2,0,9.33,1700
2026-03-27 09:15:03.210,20260327,91503210,000009.SZ,201394,2,0,9.45,1700
2026-03-27 09:15:03.210,20260327,91503210,000009.SZ,201395,2,0,9.56,1700
2026-03-27 09:15:03.210,20260327,91503210,000009.SZ,201396,2,0,9.66,1700
2026-03-27 09:15:03.210,20260327,91503210,000009.SZ,201397,2,0,9.76,1700
2026-03-27 09:15:03.310,20260327,91503310,000009.SZ,202319,2,0,8.91,2500
2026-03-27 09:15:03.380,20260327,91503380,000009.SZ,203167,2,0,9.75,1000
2026-03-27 09:15:03.430,20260327,91503430,000009.SZ,203521,2,0,9.19,100
2026-03-27 09:15:03.440,20260327,91503440,000009.SZ,203531,1,0,8.38,600
2026-03-27 09:15:03.500,20260327,91503500,000009.SZ,204028,2,0,8.87,200
2026-03-27 09:15:03.500,20260327,91503500,000009.SZ,204078,2,0,9.1,4200
2026-03-27 09:15:03.510,20260327,91503510,000009.SZ,204151,2,0,9.73,4400
2026-03-27 09:15:03.510,20260327,91503510,000009.SZ,204175,1,0,8.7,500
2026-03-27 09:15:03.520,20260327,91503520,000009.SZ,204347,1,0,8.88,2300
2026-03-27 09:15:03.520,20260327,91503520,000009.SZ,204595,1,0,8.5,600
2026-03-27 09:15:03.530,20260327,91503530,000009.SZ,204731,1,0,8.74,800
2026-03-27 09:15:03.530,20260327,91503530,000009.SZ,204735,1,0,8.8,500
2026-03-27 09:15:03.530,20260327,91503530,000009.SZ,204737,1,0,8.77,500
2026-03-27 09:15:03.700,20260327,91503700,000009.SZ,206144,1,0,8.51,200
2026-03-27 09:15:03.700,20260327,91503700,000009.SZ,206150,2,0,9.49,100
2026-03-27 09:15:03.710,20260327,91503710,000009.SZ,206220,2,0,9.76,20000
2026-03-27 09:15:03.740,20260327,91503740,000009.SZ,206510,1,0,8.31,1200
2026-03-27 09:15:03.780,20260327,91503780,000009.SZ,207033,1,0,8.0,23900
2026-03-27 09:15:03.870,20260327,91503870,000009.SZ,208105,2,0,9.76,12500
2026-03-27 09:15:03.880,20260327,91503880,000009.SZ,208148,2,0,9.76,100
2026-03-27 09:15:03.990,20260327,91503990,000009.SZ,208720,2,0,9.07,500
2026-03-27 09:15:04.070,20260327,91504070,000009.SZ,209127,1,0,8.71,6200
2026-03-27 09:15:04.130,20260327,91504130,000009.SZ,209471,2,0,9.08,200
2026-03-27 09:15:04.140,20260327,91504140,000009.SZ,209564,1,0,8.47,3000
2026-03-27 09:15:04.140,20260327,91504140,000009.SZ,209646,2,0,9.17,2000
2026-03-27 09:15:04.140,20260327,91504140,000009.SZ,209678,2,0,9.76,500
2026-03-27 09:15:04.370,20260327,91504370,000009.SZ,210642,2,0,9.76,1400
2026-03-27 09:15:04.480,20260327,91504480,000009.SZ,210955,1,0,8.43,1000
2026-03-27 09:15:04.500,20260327,91504500,000009.SZ,211125,2,0,9.33,1500
2026-03-27 09:15:04.570,20260327,91504570,000009.SZ,211788,2,0,9.7,2000
2026-03-27 09:15:04.580,20260327,91504580,000009.SZ,211980,1,0,7.98,400
2026-03-27 09:15:04.580,20260327,91504580,000009.SZ,212035,2,0,9.38,800
2026-03-27 09:15:04.770,20260327,91504770,000009.SZ,213002,2,0,9.76,500
2026-03-27 09:15:04.780,20260327,91504780,000009.SZ,213061,2,0,9.39,1400
2026-03-27 09:15:04.780,20260327,91504780,000009.SZ,213071,1,0,8.0,100
2026-03-27 09:15:05.020,20260327,91505020,000009.SZ,214219,2,0,9.56,3000
2026-03-27 09:15:05.150,20260327,91505150,000009.SZ,214550,2,0,9.76,3300
2026-03-27 09:15:05.500,20260327,91505500,000009.SZ,215562,2,0,9.12,3000
2026-03-27 09:15:05.570,20260327,91505570,000009.SZ,216095,2,0,9.76,4900
2026-03-27 09:15:05.860,20260327,91505860,000009.SZ,217255,2,0,7.98,300
2026-03-27 09:15:06.020,20260327,91506020,000009.SZ,217691,2,0,9.74,1900
2026-03-27 09:15:06.570,20260327,91506570,000009.SZ,218474,1,0,8.4,100
2026-03-27 09:15:07.160,20260327,91507160,000009.SZ,219318,1,0,8.66,100
2026-03-27 09:15:07.460,20260327,91507460,000009.SZ,219443,1,0,8.2,1100
2026-03-27 09:15:07.550,20260327,91507550,000009.SZ,219626,1,0,8.0,500
2026-03-27 09:15:08.530,20260327,91508530,000009.SZ,220272,1,0,8.78,800
2026-03-27 09:15:09.160,20260327,91509160,000009.SZ,220639,2,0,9.02,2000
2026-03-27 09:15:09.160,20260327,91509160,000009.SZ,220641,1,0,8.7,2000
2026-03-27 09:15:09.520,20260327,91509520,000009.SZ,220791,1,0,8.28,2000
2026-03-27 09:15:12.240,20260327,91512240,000009.SZ,221788,1,0,8.83,200
2026-03-27 09:15:12.560,20260327,91512560,000009.SZ,221850,2,0,8.97,200
2026-03-27 09:15:29.220,20260327,91529220,000009.SZ,224520,2,0,8.97,100
2026-03-27 09:15:38.380,20260327,91538380,000009.SZ,226248,2,0,9.3,100
2026-03-27 09:15:38.380,20260327,91538380,000009.SZ,226249,1,0,8.5,100
2026-03-27 09:15:46.830,20260327,91546830,000009.SZ,227928,2,0,9.76,500
2026-03-27 09:15:49.250,20260327,91549250,000009.SZ,228513,2,0,9.07,200
2026-03-27 09:15:49.280,20260327,91549280,000009.SZ,228520,1,0,8.78,200
2026-03-27 09:15:49.310,20260327,91549310,000009.SZ,228537,2,0,7.98,21200
2026-03-27 09:15:49.880,20260327,91549880,000009.SZ,228629,1,0,8.7,500
2026-03-27 09:15:50.730,20260327,91550730,000009.SZ,228814,1,0,8.79,2300
2026-03-27 09:15:53.300,20260327,91553300,000009.SZ,229416,2,0,9.36,1000
2026-03-27 09:15:53.300,20260327,91553300,000009.SZ,229417,1,0,8.71,1000
2026-03-27 09:15:54.460,20260327,91554460,000009.SZ,229686,2,0,9.5,100
2026-03-27 09:15:59.130,20260327,91559130,000009.SZ,230665,2,0,7.98,100
2026-03-27 09:15:59.170,20260327,91559170,000009.SZ,230679,2,0,9.16,600
2026-03-27 09:15:59.790,20260327,91559790,000009.SZ,230827,2,0,9.22,3500
2026-03-27 09:16:02.350,20260327,91602350,000009.SZ,231514,2,0,9.31,100
2026-03-27 09:16:02.350,20260327,91602350,000009.SZ,231515,1,0,8.04,100
2026-03-27 09:16:02.710,20260327,91602710,000009.SZ,231588,2,0,8.79,200
2026-03-27 09:16:03.820,20260327,91603820,000009.SZ,231835,2,0,9.01,2500
2026-03-27 09:16:05.190,20260327,91605190,000009.SZ,232186,2,0,8.92,100
2026-03-27 09:16:11.480,20260327,91611480,000009.SZ,233627,2,0,8.79,300
2026-03-27 09:16:11.740,20260327,91611740,000009.SZ,233669,2,0,8.96,100
2026-03-27 09:16:12.330,20260327,91612330,000009.SZ,233800,2,0,9.29,600
2026-03-27 09:16:17.920,20260327,91617920,000009.SZ,235051,2,0,9.0,100
2026-03-27 09:16:23.920,20260327,91623920,000009.SZ,236460,2,0,9.05,100
2026-03-27 09:16:28.080,20260327,91628080,000009.SZ,237431,2,0,9.7,500
2026-03-27 09:16:28.350,20260327,91628350,000009.SZ,237498,1,0,8.7,9700
2026-03-27 09:16:28.950,20260327,91628950,000009.SZ,237639,2,0,8.95,1500
2026-03-27 09:16:29.740,20260327,91629740,000009.SZ,237821,2,0,9.4,600
2026-03-27 09:16:30.030,20260327,91630030,000009.SZ,237889,2,0,9.1,100
2026-03-27 09:16:32.460,20260327,91632460,000009.SZ,238495,2,0,9.08,1600
2026-03-27 09:16:35.970,20260327,91635970,000009.SZ,239292,1,0,8.84,100
2026-03-27 09:16:37.810,20260327,91637810,000009.SZ,239740,1,0,8.74,500
2026-03-27 09:16:51.760,20260327,91651760,000009.SZ,243090,2,0,8.99,1000
2026-03-27 09:16:52.120,20260327,91652120,000009.SZ,243187,2,0,9.75,7800
2026-03-27 09:16:56.410,20260327,91656410,000009.SZ,244267,2,0,9.07,22700
2026-03-27 09:16:57.810,20260327,91657810,000009.SZ,244635,1,0,8.5,1000
2026-03-27 09:17:00.910,20260327,91700910,000009.SZ,245495,2,0,9.34,800
2026-03-27 09:17:01.590,20260327,91701590,000009.SZ,245677,1,0,8.08,200
2026-03-27 09:17:03.680,20260327,91703680,000009.SZ,246231,1,0,8.79,900
2026-03-27 09:17:04.660,20260327,91704660,000009.SZ,246489,2,0,9.21,1900
2026-03-27 09:17:06.040,20260327,91706040,000009.SZ,246844,2,0,8.43,5200
2026-03-27 09:17:08.420,20260327,91708420,000009.SZ,247514,1,0,8.78,1700
2026-03-27 09:17:11.370,20260327,91711370,000009.SZ,248246,2,0,8.95,1800
2026-03-27 09:17:16.510,20260327,91716510,000009.SZ,249645,1,0,8.75,300
2026-03-27 09:17:17.730,20260327,91717730,000009.SZ,249998,2,0,9.75,1100
2026-03-27 09:17:20.090,20260327,91720090,000009.SZ,250623,1,0,8.79,1000
2026-03-27 09:17:21.620,20260327,91721620,000009.SZ,251054,2,0,9.6,8000
2026-03-27 09:17:27.810,20260327,91727810,000009.SZ,252775,1,0,7.98,2000
2026-03-27 09:17:28.610,20260327,91728610,000009.SZ,253002,1,0,8.72,5000
2026-03-27 09:17:30.470,20260327,91730470,000009.SZ,253528,2,0,9.7,1100
2026-03-27 09:17:31.270,20260327,91731270,000009.SZ,253763,1,0,8.26,500
2026-03-27 09:17:31.930,20260327,91731930,000009.SZ,253948,1,0,8.78,1000
2026-03-27 09:17:34.610,20260327,91734610,000009.SZ,254732,2,0,9.76,200
2026-03-27 09:17:36.020,20260327,91736020,000009.SZ,255093,1,0,8.0,3500
2026-03-27 09:17:41.490,20260327,91741490,000009.SZ,256666,2,0,9.15,500
2026-03-27 09:17:42.550,20260327,91742550,000009.SZ,256954,2,0,9.3,8800
2026-03-27 09:17:48.530,20260327,91748530,000009.SZ,258715,1,0,8.73,1100
2026-03-27 09:17:49.570,20260327,91749570,000009.SZ,259016,1,0,8.87,100
2026-03-27 09:17:55.450,20260327,91755450,000009.SZ,260750,2,0,9.35,200
2026-03-27 09:17:58.450,20260327,91758450,000009.SZ,261580,2,0,9.11,2900
2026-03-27 09:18:06.910,20260327,91806910,000009.SZ,264148,2,0,9.75,23600
2026-03-27 09:18:10.060,20260327,91810060,000009.SZ,265067,2,0,9.11,400
2026-03-27 09:18:11.030,20260327,91811030,000009.SZ,265366,2,0,8.43,4100
2026-03-27 09:18:17.280,20260327,91817280,000009.SZ,267320,2,0,8.93,1200
2026-03-27 09:18:19.190,20260327,91819190,000009.SZ,267867,2,0,9.76,1100
2026-03-27 09:18:26.550,20260327,91826550,000009.SZ,270008,2,0,8.97,30000
2026-03-27 09:18:33.140,20260327,91833140,000009.SZ,272021,2,0,9.47,2000
2026-03-27 09:18:33.440,20260327,91833440,000009.SZ,272117,2,0,9.22,100
2026-03-27 09:18:38.620,20260327,91838620,000009.SZ,273717,2,0,9.27,3000
2026-03-27 09:18:40.060,20260327,91840060,000009.SZ,274138,2,0,9.76,2000
2026-03-27 09:18:43.690,20260327,91843690,000009.SZ,275192,1,0,8.73,1000
2026-03-27 09:18:44.200,20260327,91844200,000009.SZ,275342,1,0,8.73,200
2026-03-27 09:18:45.840,20260327,91845840,000009.SZ,275781,1,0,8.0,300
2026-03-27 09:18:47.100,20260327,91847100,000009.SZ,276160,2,0,8.93,5000
2026-03-27 09:18:47.860,20260327,91847860,000009.SZ,276392,1,0,8.47,200
2026-03-27 09:18:50.780,20260327,91850780,000009.SZ,277271,2,0,8.87,5000
2026-03-27 09:18:52.350,20260327,91852350,000009.SZ,277733,1,0,8.54,100
2026-03-27 09:18:53.460,20260327,91853460,000009.SZ,278062,2,0,9.19,6000
2026-03-27 09:18:54.960,20260327,91854960,000009.SZ,278543,2,0,9.15,1000
2026-03-27 09:18:59.980,20260327,91859980,000009.SZ,280144,2,0,9.76,500
2026-03-27 09:19:00.390,20260327,91900390,000009.SZ,280268,2,0,8.95,200
2026-03-27 09:19:00.430,20260327,91900430,000009.SZ,280277,1,0,7.98,1000
2026-03-27 09:19:04.060,20260327,91904060,000009.SZ,281490,1,0,8.87,5000
2026-03-27 09:19:05.760,20260327,91905760,000009.SZ,282065,2,0,9.05,1800
2026-03-27 09:19:06.410,20260327,91906410,000009.SZ,282302,2,0,9.3,700
2026-03-27 09:19:08.200,20260327,91908200,000009.SZ,282924,1,0,8.72,2000
2026-03-27 09:19:12.170,20260327,91912170,000009.SZ,284274,2,0,8.43,900
2026-03-27 09:19:16.340,20260327,91916340,000009.SZ,285736,2,0,9.76,10000
2026-03-27 09:19:17.060,20260327,91917060,000009.SZ,285970,2,0,9.54,10000
2026-03-27 09:19:20.230,20260327,91920230,000009.SZ,287102,2,0,8.87,100
2026-03-27 09:19:21.630,20260327,91921630,000009.SZ,287640,2,0,8.83,600
2026-03-27 09:19:33.230,20260327,91933230,000009.SZ,291790,2,0,9.16,5700
2026-03-27 09:19:39.770,20260327,91939770,000009.SZ,294239,2,0,9.16,1000
2026-03-27 09:19:46.160,20260327,91946160,000009.SZ,296682,2,0,9.28,300
2026-03-27 09:19:50.010,20260327,91950010,000009.SZ,298150,2,0,8.43,200
2026-03-27 09:19:51.520,20260327,91951520,000009.SZ,298764,2,0,9.76,700
2026-03-27 09:19:54.200,20260327,91954200,000009.SZ,299777,2,0,8.93,2800
2026-03-27 09:19:54.200,20260327,91954200,000009.SZ,299779,1,0,8.25,5000
2026-03-27 09:19:54.540,20260327,91954540,000009.SZ,299932,2,0,9.37,1600
2026-03-27 09:19:55.210,20260327,91955210,000009.SZ,300181,2,0,9.16,100
2026-03-27 09:20:00.210,20260327,92000210,000009.SZ,302007,2,0,9.0,2000
2026-03-27 09:20:00.230,20260327,92000230,000009.SZ,302013,2,0,8.43,100
2026-03-27 09:20:04.200,20260327,92004200,000009.SZ,303342,1,0,8.58,900
2026-03-27 09:20:08.170,20260327,92008170,000009.SZ,304617,2,0,9.08,5000
2026-03-27 09:20:09.970,20260327,92009970,000009.SZ,305169,2,0,8.93,200
2026-03-27 09:20:15.700,20260327,92015700,000009.SZ,307009,2,0,9.75,500
2026-03-27 09:20:16.690,20260327,92016690,000009.SZ,307281,2,0,9.05,2000
2026-03-27 09:20:17.420,20260327,92017420,000009.SZ,307481,2,0,9.76,10000
2026-03-27 09:20:17.850,20260327,92017850,000009.SZ,307613,2,0,9.76,1500
2026-03-27 09:20:18.180,20260327,92018180,000009.SZ,307713,2,0,9.18,5000
2026-03-27 09:20:18.420,20260327,92018420,000009.SZ,307774,1,0,8.5,1000
2026-03-27 09:20:25.290,20260327,92025290,000009.SZ,309762,2,0,9.5,100000
2026-03-27 09:20:25.520,20260327,92025520,000009.SZ,309827,2,0,9.76,5600
2026-03-27 09:20:27.820,20260327,92027820,000009.SZ,310549,2,0,9.28,5000
2026-03-27 09:20:30.950,20260327,92030950,000009.SZ,311547,2,0,9.6,100000
2026-03-27 09:20:30.990,20260327,92030990,000009.SZ,311553,1,0,8.75,100
2026-03-27 09:20:32.570,20260327,92032570,000009.SZ,312081,1,0,8.6,600
2026-03-27 09:20:34.690,20260327,92034690,000009.SZ,312730,2,0,9.76,1900
2026-03-27 09:20:36.050,20260327,92036050,000009.SZ,313146,2,0,9.7,1000
2026-03-27 09:20:36.400,20260327,92036400,000009.SZ,313237,1,0,8.43,200
2026-03-27 09:20:36.540,20260327,92036540,000009.SZ,313276,2,0,9.5,5000
2026-03-27 09:20:37.040,20260327,92037040,000009.SZ,313443,2,0,9.7,100000
2026-03-27 09:20:39.090,20260327,92039090,000009.SZ,314078,2,0,9.6,8200
2026-03-27 09:20:39.740,20260327,92039740,000009.SZ,314268,2,0,9.3,12100
2026-03-27 09:20:40.150,20260327,92040150,000009.SZ,314401,2,0,9.38,5000
2026-03-27 09:20:40.250,20260327,92040250,000009.SZ,314432,2,0,9.18,3200
2026-03-27 09:20:47.890,20260327,92047890,000009.SZ,316889,2,0,9.16,600
2026-03-27 09:20:51.130,20260327,92051130,000009.SZ,317874,2,0,9.76,100000
2026-03-27 09:20:57.330,20260327,92057330,000009.SZ,319898,2,0,9.76,100000
2026-03-27 09:20:58.980,20260327,92058980,000009.SZ,320452,2,0,8.96,3300
2026-03-27 09:21:05.700,20260327,92105700,000009.SZ,323239,2,0,9.22,300
2026-03-27 09:21:08.380,20260327,92108380,000009.SZ,324156,2,0,9.3,20000
2026-03-27 09:21:14.970,20260327,92114970,000009.SZ,326286,2,0,9.2,10000
2026-03-27 09:21:16.940,20260327,92116940,000009.SZ,326931,2,0,8.97,600
2026-03-27 09:21:17.900,20260327,92117900,000009.SZ,327275,2,0,8.84,1000
2026-03-27 09:21:18.590,20260327,92118590,000009.SZ,327523,1,0,8.82,100
2026-03-27 09:21:21.020,20260327,92121020,000009.SZ,328415,2,0,9.1,10000
2026-03-27 09:21:21.960,20260327,92121960,000009.SZ,328716,2,0,9.08,2000
2026-03-27 09:21:32.940,20260327,92132940,000009.SZ,332408,2,0,9.39,3500
2026-03-27 09:21:35.370,20260327,92135370,000009.SZ,333181,2,0,7.98,1100
2026-03-27 09:21:36.930,20260327,92136930,000009.SZ,333728,2,0,9.04,600
2026-03-27 09:21:37.080,20260327,92137080,000009.SZ,333784,1,0,8.2,1000
2026-03-27 09:21:38.530,20260327,92138530,000009.SZ,334254,2,0,9.33,700
2026-03-27 09:21:39.040,20260327,92139040,000009.SZ,334432,2,0,9.07,5000
2026-03-27 09:21:39.870,20260327,92139870,000009.SZ,334746,2,0,9.0,4000
2026-03-27 09:21:40.310,20260327,92140310,000009.SZ,334883,2,0,9.3,500
2026-03-27 09:21:47.680,20260327,92147680,000009.SZ,337360,1,0,8.08,300
2026-03-27 09:21:50.020,20260327,92150020,000009.SZ,338225,1,0,7.98,100
2026-03-27 09:21:51.640,20260327,92151640,000009.SZ,338786,2,0,9.76,400
2026-03-27 09:21:54.370,20260327,92154370,000009.SZ,339726,1,0,8.79,300
2026-03-27 09:21:57.340,20260327,92157340,000009.SZ,340730,2,0,9.03,1000
2026-03-27 09:22:04.200,20260327,92204200,000009.SZ,343036,1,0,8.87,500
2026-03-27 09:22:05.090,20260327,92205090,000009.SZ,343317,2,0,8.98,1200
2026-03-27 09:22:12.150,20260327,92212150,000009.SZ,345849,2,0,8.87,2000
2026-03-27 09:22:15.790,20260327,92215790,000009.SZ,347183,2,0,9.1,1200
2026-03-27 09:22:17.010,20260327,92217010,000009.SZ,347595,1,0,8.67,5000
2026-03-27 09:22:17.160,20260327,92217160,000009.SZ,347650,2,0,9.76,700
2026-03-27 09:22:24.120,20260327,92224120,000009.SZ,350220,2,0,9.03,20400
2026-03-27 09:22:24.950,20260327,92224950,000009.SZ,350532,2,0,8.87,1000
2026-03-27 09:22:29.310,20260327,92229310,000009.SZ,352197,2,0,9.57,300
2026-03-27 09:22:31.430,20260327,92231430,000009.SZ,352968,2,0,9.25,2000
2026-03-27 09:22:31.720,20260327,92231720,000009.SZ,353066,2,0,7.98,600
2026-03-27 09:22:32.100,20260327,92232100,000009.SZ,353190,1,0,8.0,2000
2026-03-27 09:22:32.560,20260327,92232560,000009.SZ,353376,2,0,9.76,1400
2026-03-27 09:22:36.370,20260327,92236370,000009.SZ,354842,2,0,9.08,30000
2026-03-27 09:22:37.280,20260327,92237280,000009.SZ,355173,2,0,9.2,500
2026-03-27 09:22:42.860,20260327,92242860,000009.SZ,357225,2,0,9.13,30000
2026-03-27 09:22:44.310,20260327,92244310,000009.SZ,357806,2,0,8.94,3400
2026-03-27 09:22:45.180,20260327,92245180,000009.SZ,358139,2,0,9.74,500
2026-03-27 09:22:46.050,20260327,92246050,000009.SZ,358465,2,0,8.74,4000
2026-03-27 09:22:49.010,20260327,92249010,000009.SZ,359565,2,0,9.18,30000
2026-03-27 09:22:51.610,20260327,92251610,000009.SZ,360606,2,0,8.87,3800
2026-03-27 09:22:56.190,20260327,92256190,000009.SZ,362342,2,0,8.86,15000
2026-03-27 09:22:57.110,20260327,92257110,000009.SZ,362695,2,0,7.98,2000
2026-03-27 09:22:57.800,20260327,92257800,000009.SZ,362977,2,0,8.0,5000
2026-03-27 09:22:57.980,20260327,92257980,000009.SZ,363050,2,0,9.23,50000
2026-03-27 09:22:58.820,20260327,92258820,000009.SZ,363387,2,0,8.87,500
2026-03-27 09:23:00.390,20260327,92300390,000009.SZ,364028,2,0,9.07,3000
2026-03-27 09:23:04.010,20260327,92304010,000009.SZ,365674,2,0,9.28,50000
2026-03-27 09:23:09.990,20260327,92309990,000009.SZ,368215,1,0,8.5,1000
2026-03-27 09:23:10.790,20260327,92310790,000009.SZ,368528,2,0,9.33,50000
2026-03-27 09:23:11.390,20260327,92311390,000009.SZ,368785,2,0,8.86,2500
2026-03-27 09:23:14.370,20260327,92314370,000009.SZ,370014,2,0,9.01,1100
2026-03-27 09:23:17.480,20260327,92317480,000009.SZ,371340,2,0,9.38,50000
2026-03-27 09:23:17.530,20260327,92317530,000009.SZ,371361,1,0,8.86,1400
2026-03-27 09:23:18.100,20260327,92318100,000009.SZ,371594,1,0,8.11,200
2026-03-27 09:23:20.550,20260327,92320550,000009.SZ,372726,2,0,8.85,12500
2026-03-27 09:23:23.750,20260327,92323750,000009.SZ,374194,2,0,9.43,10000
2026-03-27 09:23:24.860,20260327,92324860,000009.SZ,374702,1,0,8.79,500
2026-03-27 09:23:32.020,20260327,92332020,000009.SZ,378036,1,0,8.7,27300
2026-03-27 09:23:35.580,20260327,92335580,000009.SZ,379719,2,0,8.7,2000
2026-03-27 09:23:36.590,20260327,92336590,000009.SZ,380211,2,0,8.88,500
2026-03-27 09:23:36.600,20260327,92336600,000009.SZ,380214,2,0,9.03,2000
2026-03-27 09:23:38.240,20260327,92338240,000009.SZ,380995,1,0,8.72,1000
2026-03-27 09:23:38.370,20260327,92338370,000009.SZ,381066,1,0,8.8,5600
2026-03-27 09:23:38.900,20260327,92338900,000009.SZ,381294,2,0,8.86,20000
2026-03-27 09:23:39.980,20260327,92339980,000009.SZ,381793,2,0,9.1,5000
2026-03-27 09:23:42.500,20260327,92342500,000009.SZ,382944,1,0,8.8,6000
2026-03-27 09:23:43.300,20260327,92343300,000009.SZ,383319,1,0,8.84,2000
2026-03-27 09:23:45.040,20260327,92345040,000009.SZ,384147,2,0,9.55,700
2026-03-27 09:23:45.160,20260327,92345160,000009.SZ,384199,2,0,9.75,1000
2026-03-27 09:23:47.550,20260327,92347550,000009.SZ,385378,2,0,7.98,400
2026-03-27 09:23:48.930,20260327,92348930,000009.SZ,386043,2,0,8.8,1300
2026-03-27 09:23:49.260,20260327,92349260,000009.SZ,386191,2,0,8.88,200
2026-03-27 09:23:49.570,20260327,92349570,000009.SZ,386345,1,0,7.98,100
2026-03-27 09:23:50.010,20260327,92350010,000009.SZ,386538,1,0,8.75,1000
2026-03-27 09:23:53.420,20260327,92353420,000009.SZ,388167,1,0,8.41,10000
2026-03-27 09:23:56.060,20260327,92356060,000009.SZ,389476,2,0,9.0,500
2026-03-27 09:23:56.330,20260327,92356330,000009.SZ,389614,2,0,8.8,1400
2026-03-27 09:23:57.000,20260327,92357000,000009.SZ,389939,1,0,8.62,6000
2026-03-27 09:23:57.370,20260327,92357370,000009.SZ,390107,2,0,9.25,1000
2026-03-27 09:23:58.480,20260327,92358480,000009.SZ,390674,2,0,7.98,500
2026-03-27 09:24:00.050,20260327,92400050,000009.SZ,391548,2,0,8.43,300
2026-03-27 09:24:00.110,20260327,92400110,000009.SZ,391673,1,0,8.77,1000
2026-03-27 09:24:01.230,20260327,92401230,000009.SZ,392336,2,0,8.84,6000
2026-03-27 09:24:02.030,20260327,92402030,000009.SZ,392827,2,0,8.84,1700
2026-03-27 09:24:02.630,20260327,92402630,000009.SZ,393188,2,0,9.42,600
2026-03-27 09:24:03.790,20260327,92403790,000009.SZ,393780,2,0,9.68,400
2026-03-27 09:24:04.600,20260327,92404600,000009.SZ,394289,1,0,8.81,1000
2026-03-27 09:24:06.870,20260327,92406870,000009.SZ,395602,1,0,8.0,10000
2026-03-27 09:24:07.420,20260327,92407420,000009.SZ,395950,2,0,9.08,6000
2026-03-27 09:24:08.450,20260327,92408450,000009.SZ,396594,2,0,7.98,500
2026-03-27 09:24:09.000,20260327,92409000,000009.SZ,396947,2,0,8.8,2500
2026-03-27 09:24:11.890,20260327,92411890,000009.SZ,398819,2,0,8.8,1400
2026-03-27 09:24:12.000,20260327,92412000,000009.SZ,398901,1,0,8.77,1500
2026-03-27 09:24:12.630,20260327,92412630,000009.SZ,399368,2,0,8.82,1000
2026-03-27 09:24:14.580,20260327,92414580,000009.SZ,400685,2,0,9.09,1600
2026-03-27 09:24:14.860,20260327,92414860,000009.SZ,400876,1,0,8.6,20000
2026-03-27 09:24:15.760,20260327,92415760,000009.SZ,401438,2,0,9.2,2000
2026-03-27 09:24:17.890,20260327,92417890,000009.SZ,402949,1,0,8.75,500
2026-03-27 09:24:19.010,20260327,92419010,000009.SZ,403715,1,0,8.66,1000
2026-03-27 09:24:19.100,20260327,92419100,000009.SZ,403762,2,0,8.77,30000
2026-03-27 09:24:22.500,20260327,92422500,000009.SZ,406272,1,0,7.98,2000
2026-03-27 09:24:24.280,20260327,92424280,000009.SZ,407617,2,0,8.78,3000
2026-03-27 09:24:26.120,20260327,92426120,000009.SZ,408976,2,0,8.77,5500
2026-03-27 09:24:27.520,20260327,92427520,000009.SZ,410054,2,0,8.98,32100
2026-03-27 09:24:27.580,20260327,92427580,000009.SZ,410101,2,0,8.8,1000
2026-03-27 09:24:28.240,20260327,92428240,000009.SZ,410600,2,0,8.62,5800
2026-03-27 09:24:29.170,20260327,92429170,000009.SZ,411400,2,0,8.76,600
2026-03-27 09:24:29.930,20260327,92429930,000009.SZ,412008,2,0,9.76,700
2026-03-27 09:24:30.360,20260327,92430360,000009.SZ,412413,2,0,8.72,3000
2026-03-27 09:24:30.790,20260327,92430790,000009.SZ,412777,2,0,8.71,5100
2026-03-27 09:24:32.480,20260327,92432480,000009.SZ,414211,1,0,8.7,2400
2026-03-27 09:24:33.100,20260327,92433100,000009.SZ,414709,1,0,8.64,1000
2026-03-27 09:24:34.030,20260327,92434030,000009.SZ,415434,2,0,8.75,300
2026-03-27 09:24:34.230,20260327,92434230,000009.SZ,415609,1,0,8.77,1500
2026-03-27 09:24:36.390,20260327,92436390,000009.SZ,417299,1,0,9.76,200
2026-03-27 09:24:36.870,20260327,92436870,000009.SZ,417673,1,0,8.77,1900
2026-03-27 09:24:37.780,20260327,92437780,000009.SZ,418431,1,0,9.76,200
2026-03-27 09:24:38.800,20260327,92438800,000009.SZ,419405,2,0,8.82,10900
2026-03-27 09:24:40.070,20260327,92440070,000009.SZ,420641,2,0,9.76,2200
2026-03-27 09:24:40.130,20260327,92440130,000009.SZ,420694,1,0,8.7,10000
2026-03-27 09:24:40.230,20260327,92440230,000009.SZ,420791,1,0,9.76,200
2026-03-27 09:24:40.280,20260327,92440280,000009.SZ,420864,2,0,8.82,1000
2026-03-27 09:24:40.310,20260327,92440310,000009.SZ,420900,1,0,8.49,100
2026-03-27 09:24:40.370,20260327,92440370,000009.SZ,421034,1,0,9.76,200
2026-03-27 09:24:40.840,20260327,92440840,000009.SZ,421434,2,0,8.7,1600
2026-03-27 09:24:41.590,20260327,92441590,000009.SZ,422052,1,0,8.7,2000
2026-03-27 09:24:42.900,20260327,92442900,000009.SZ,423087,1,0,8.81,6200
2026-03-27 09:24:43.970,20260327,92443970,000009.SZ,423929,1,0,8.72,1800
2026-03-27 09:24:46.450,20260327,92446450,000009.SZ,425995,2,0,9.1,200
2026-03-27 09:24:47.570,20260327,92447570,000009.SZ,427021,2,0,8.8,15000
2026-03-27 09:24:48.300,20260327,92448300,000009.SZ,427713,1,0,8.71,1000
2026-03-27 09:24:49.300,20260327,92449300,000009.SZ,428932,2,0,7.98,300
2026-03-27 09:24:50.460,20260327,92450460,000009.SZ,430701,2,0,9.3,2200
2026-03-27 09:24:50.510,20260327,92450510,000009.SZ,430797,1,0,8.9,400
2026-03-27 09:24:51.230,20260327,92451230,000009.SZ,431606,2,0,8.85,20000
2026-03-27 09:24:51.400,20260327,92451400,000009.SZ,431821,1,0,8.71,500
2026-03-27 09:24:51.460,20260327,92451460,000009.SZ,431881,2,0,8.77,900
2026-03-27 09:24:52.000,20260327,92452000,000009.SZ,432695,1,0,9.76,200
2026-03-27 09:24:53.550,20260327,92453550,000009.SZ,434752,1,0,9.07,5500
2026-03-27 09:24:53.580,20260327,92453580,000009.SZ,434797,2,0,9.32,200
2026-03-27 09:24:55.270,20260327,92455270,000009.SZ,437556,1,0,9.76,200
2026-03-27 09:24:55.320,20260327,92455320,000009.SZ,437643,1,0,8.6,10000
2026-03-27 09:24:56.500,20260327,92456500,000009.SZ,440103,1,0,9.76,200
2026-03-27 09:24:56.730,20260327,92456730,000009.SZ,440652,2,0,8.68,100
2026-03-27 09:24:57.380,20260327,92457380,000009.SZ,442438,1,0,8.6,400
2026-03-27 09:24:57.700,20260327,92457700,000009.SZ,443432,2,0,8.68,1100
2026-03-27 09:24:57.900,20260327,92457900,000009.SZ,443933,2,0,9.06,3000
2026-03-27 09:24:58.920,20260327,92458920,000009.SZ,447699,2,0,9.02,5000
2026-03-27 09:24:58.970,20260327,92458970,000009.SZ,447885,1,0,8.35,1000
2026-03-27 09:24:59.260,20260327,92459260,000009.SZ,449060,2,0,9.54,200
2026-03-27 09:24:59.930,20260327,92459930,000009.SZ,453522,2,0,8.7,6100
2026-03-27 09:30:00.040,20260327,93000040,000009.SZ,549410,1,0,8.78,1200
2026-03-27 09:30:00.040,20260327,93000040,000009.SZ,551068,2,0,9.01,1000
2026-03-27 09:30:00.040,20260327,93000040,000009.SZ,553410,1,0,8.77,2000
2026-03-27 09:30:00.040,20260327,93000040,000009.SZ,554024,1,0,8.77,100
2026-03-27 09:30:00.040,20260327,93000040,000009.SZ,554152,1,0,8.71,1000
2026-03-27 09:30:00.040,20260327,93000040,000009.SZ,554177,1,0,8.78,12800
2026-03-27 09:30:00.050,20260327,93000050,000009.SZ,555504,1,0,8.72,4000
2026-03-27 09:30:00.050,20260327,93000050,000009.SZ,556978,2,0,9.03,3000
2026-03-27 09:30:00.050,20260327,93000050,000009.SZ,558016,2,0,8.75,1200
2026-03-27 09:30:00.050,20260327,93000050,000009.SZ,558048,2,0,8.87,2000
2026-03-27 09:30:00.050,20260327,93000050,000009.SZ,558454,2,0,8.75,500
2026-03-27 09:30:00.060,20260327,93000060,000009.SZ,561280,1,0,8.74,1000
2026-03-27 09:30:00.070,20260327,93000070,000009.SZ,566150,1,0,8.45,500
2026-03-27 09:30:00.070,20260327,93000070,000009.SZ,567139,1,0,8.7,200
2026-03-27 09:30:00.070,20260327,93000070,000009.SZ,567761,2,0,8.9,200
2026-03-27 09:30:00.070,20260327,93000070,000009.SZ,569648,2,0,8.72,10700
2026-03-27 09:30:00.070,20260327,93000070,000009.SZ,570896,2,0,8.88,100
2026-03-27 09:30:00.080,20260327,93000080,000009.SZ,571538,1,0,8.55,400
2026-03-27 09:30:00.080,20260327,93000080,000009.SZ,571971,2,0,9.26,5000
2026-03-27 09:30:00.080,20260327,93000080,000009.SZ,573621,2,0,9.0,400
2026-03-27 09:30:00.080,20260327,93000080,000009.SZ,575699,2,0,9.1,400
2026-03-27 09:30:00.080,20260327,93000080,000009.SZ,575946,1,0,8.8,100
2026-03-27 09:30:00.090,20260327,93000090,000009.SZ,578731,1,0,8.7,200
2026-03-27 09:30:00.090,20260327,93000090,000009.SZ,579038,2,0,9.75,3300
2026-03-27 09:30:00.090,20260327,93000090,000009.SZ,579737,1,0,8.77,9700
2026-03-27 09:30:00.090,20260327,93000090,000009.SZ,580971,2,0,8.76,800
2026-03-27 09:30:00.090,20260327,93000090,000009.SZ,581632,2,0,9.3,400
2026-03-27 09:30:00.090,20260327,93000090,000009.SZ,581909,2,0,9.5,400
2026-03-27 09:30:00.100,20260327,93000100,000009.SZ,582080,1,0,8.77,1000
2026-03-27 09:30:00.100,20260327,93000100,000009.SZ,582178,2,0,9.76,400
2026-03-27 09:30:00.100,20260327,93000100,000009.SZ,582906,1,0,8.71,1000
2026-03-27 09:30:00.100,20260327,93000100,000009.SZ,583064,2,0,8.76,9000
2026-03-27 09:30:00.100,20260327,93000100,000009.SZ,585725,1,0,8.71,2000
2026-03-27 09:30:00.100,20260327,93000100,000009.SZ,586977,1,0,8.77,100
2026-03-27 09:30:00.100,20260327,93000100,000009.SZ,587099,1,0,8.77,400
2026-03-27 09:30:00.110,20260327,93000110,000009.SZ,587527,1,0,8.65,5000
2026-03-27 09:30:00.110,20260327,93000110,000009.SZ,588314,2,0,8.87,6200
2026-03-27 09:30:00.110,20260327,93000110,000009.SZ,590446,1,0,8.7,1000
2026-03-27 09:30:00.110,20260327,93000110,000009.SZ,591897,2,0,8.85,2300
2026-03-27 09:30:00.110,20260327,93000110,000009.SZ,592272,2,0,8.76,1000
2026-03-27 09:30:00.120,20260327,93000120,000009.SZ,593788,2,0,9.76,200
2026-03-27 09:30:00.120,20260327,93000120,000009.SZ,593978,2,0,9.76,1100
2026-03-27 09:30:00.120,20260327,93000120,000009.SZ,593995,1,0,8.71,10100
2026-03-27 09:30:00.120,20260327,93000120,000009.SZ,594000,1,0,8.61,10200
2026-03-27 09:30:00.120,20260327,93000120,000009.SZ,594474,1,0,8.77,600
2026-03-27 09:30:00.130,20260327,93000130,000009.SZ,598545,1,0,8.4,2000
2026-03-27 09:30:00.140,20260327,93000140,000009.SZ,605251,1,0,8.6,600
2026-03-27 09:30:00.140,20260327,93000140,000009.SZ,605613,1,0,8.27,1000
2026-03-27 09:30:00.140,20260327,93000140,000009.SZ,606297,1,0,7.98,2000
2026-03-27 09:30:00.140,20260327,93000140,000009.SZ,607981,1,0,8.5,1500
2026-03-27 09:30:00.150,20260327,93000150,000009.SZ,610463,1,0,8.69,300
2026-03-27 09:30:00.150,20260327,93000150,000009.SZ,611674,1,0,8.7,1000
2026-03-27 09:30:00.150,20260327,93000150,000009.SZ,613583,1,0,8.76,300
2026-03-27 09:30:00.150,20260327,93000150,000009.SZ,614759,2,0,9.37,3000
2026-03-27 09:30:00.160,20260327,93000160,000009.SZ,616552,1,0,8.4,2000
2026-03-27 09:30:00.160,20260327,93000160,000009.SZ,617754,1,0,8.64,500
2026-03-27 09:30:00.160,20260327,93000160,000009.SZ,617969,1,0,8.71,2000
2026-03-27 09:30:00.160,20260327,93000160,000009.SZ,618051,1,0,8.71,1000
2026-03-27 09:30:00.160,20260327,93000160,000009.SZ,618848,1,0,8.5,10000
2026-03-27 09:30:00.160,20260327,93000160,000009.SZ,619164,1,0,8.4,10000
2026-03-27 09:30:00.170,20260327,93000170,000009.SZ,622663,2,0,8.82,300
2026-03-27 09:30:00.170,20260327,93000170,000009.SZ,624967,1,0,8.76,100
2026-03-27 09:30:00.170,20260327,93000170,000009.SZ,625336,1,0,8.77,1100
2026-03-27 09:30:00.180,20260327,93000180,000009.SZ,629655,2,0,9.76,1500
2026-03-27 09:30:00.190,20260327,93000190,000009.SZ,630607,2,0,8.75,9500
2026-03-27 09:30:00.190,20260327,93000190,000009.SZ,631497,1,0,8.72,2000
2026-03-27 09:30:00.190,20260327,93000190,000009.SZ,632747,1,0,8.5,20000
2026-03-27 09:30:00.190,20260327,93000190,000009.SZ,633614,1,0,8.92,1900
2026-03-27 09:30:00.190,20260327,93000190,000009.SZ,633643,1,0,8.42,500
2026-03-27 09:30:00.190,20260327,93000190,000009.SZ,633849,1,0,8.76,300
2026-03-27 09:30:00.200,20260327,93000200,000009.SZ,638102,1,0,8.64,10000
2026-03-27 09:30:00.200,20260327,93000200,000009.SZ,638786,1,0,8.66,500
2026-03-27 09:30:00.210,20260327,93000210,000009.SZ,640007,2,0,9.76,2000
2026-03-27 09:30:00.210,20260327,93000210,000009.SZ,641400,2,0,9.7,500
2026-03-27 09:30:00.210,20260327,93000210,000009.SZ,642522,1,0,8.02,300
2026-03-27 09:30:00.220,20260327,93000220,000009.SZ,643660,1,0,8.76,600
2026-03-27 09:30:00.220,20260327,93000220,000009.SZ,643784,2,0,8.75,1000
2026-03-27 09:30:00.220,20260327,93000220,000009.SZ,645964,1,0,8.71,5000
2026-03-27 09:30:00.220,20260327,93000220,000009.SZ,646087,1,0,8.61,10000
2026-03-27 09:30:00.220,20260327,93000220,000009.SZ,646300,1,0,8.46,200
2026-03-27 09:30:00.220,20260327,93000220,000009.SZ,646384,2,0,8.76,400
2026-03-27 09:30:00.230,20260327,93000230,000009.SZ,647591,2,0,8.76,400
2026-03-27 09:30:00.230,20260327,93000230,000009.SZ,648108,1,0,8.78,12800
2026-03-27 09:30:00.240,20260327,93000240,000009.SZ,651081,1,0,8.76,600
2026-03-27 09:30:00.240,20260327,93000240,000009.SZ,653704,1,0,8.75,2000
2026-03-27 09:30:00.240,20260327,93000240,000009.SZ,654466,2,0,9.76,100
2026-03-27 09:30:00.250,20260327,93000250,000009.SZ,655290,1,0,8.77,2400
2026-03-27 09:30:00.250,20260327,93000250,000009.SZ,656484,1,0,8.75,2000
2026-03-27 09:30:00.250,20260327,93000250,000009.SZ,656581,2,0,9.75,20000
2026-03-27 09:30:00.250,20260327,93000250,000009.SZ,657242,1,0,8.7,2100
2026-03-27 09:30:00.260,20260327,93000260,000009.SZ,659103,1,0,8.4,2000
2026-03-27 09:30:00.270,20260327,93000270,000009.SZ,664572,1,0,8.72,2700
2026-03-27 09:30:00.270,20260327,93000270,000009.SZ,664916,1,0,8.71,2700
2026-03-27 09:30:00.270,20260327,93000270,000009.SZ,665280,1,0,8.72,2700
2026-03-27 09:30:00.270,20260327,93000270,000009.SZ,665746,2,0,8.92,100
2026-03-27 09:30:00.290,20260327,93000290,000009.SZ,669350,2,0,9.05,17100
2026-03-27 09:30:00.290,20260327,93000290,000009.SZ,669369,2,0,8.99,1100
2026-03-27 09:30:00.290,20260327,93000290,000009.SZ,669976,2,0,9.17,400
2026-03-27 09:30:00.290,20260327,93000290,000009.SZ,669977,1,0,8.7,600
2026-03-27 09:30:00.290,20260327,93000290,000009.SZ,670066,2,0,9.03,300
2026-03-27 09:30:00.290,20260327,93000290,000009.SZ,670067,2,0,9.1,20000
2026-03-27 09:30:00.290,20260327,93000290,000009.SZ,670151,2,0,9.15,30000
2026-03-27 09:30:00.290,20260327,93000290,000009.SZ,670706,2,0,9.25,30000
2026-03-27 09:30:00.300,20260327,93000300,000009.SZ,671863,1,0,8.59,400
2026-03-27 09:30:00.300,20260327,93000300,000009.SZ,672508,2,0,9.76,3000
2026-03-27 09:30:00.300,20260327,93000300,000009.SZ,672641,2,0,8.87,500
2026-03-27 09:30:00.310,20260327,93000310,000009.SZ,675119,1,0,8.6,200
2026-03-27 09:30:00.310,20260327,93000310,000009.SZ,675820,1,0,8.7,1300
2026-03-27 09:30:00.320,20260327,93000320,000009.SZ,677563,1,0,8.66,2900
2026-03-27 09:30:00.330,20260327,93000330,000009.SZ,680814,1,0,8.72,500
2026-03-27 09:30:00.330,20260327,93000330,000009.SZ,681428,2,0,8.76,2900
2026-03-27 09:30:00.330,20260327,93000330,000009.SZ,681697,1,0,8.5,300
2026-03-27 09:30:00.340,20260327,93000340,000009.SZ,684819,1,0,8.08,100
2026-03-27 09:30:00.340,20260327,93000340,000009.SZ,684843,1,0,8.01,100
2026-03-27 09:30:00.340,20260327,93000340,000009.SZ,684851,1,0,8.0,100
2026-03-27 09:30:00.340,20260327,93000340,000009.SZ,684873,1,0,8.04,100
2026-03-27 09:30:00.340,20260327,93000340,000009.SZ,684875,1,0,8.12,100
2026-03-27 09:30:00.340,20260327,93000340,000009.SZ,684877,1,0,8.17,100
2026-03-27 09:30:00.340,20260327,93000340,000009.SZ,684878,1,0,8.18,100
2026-03-27 09:30:00.340,20260327,93000340,000009.SZ,684881,1,0,8.02,100
2026-03-27 09:30:00.340,20260327,93000340,000009.SZ,684896,1,0,8.19,100
2026-03-27 09:30:00.340,20260327,93000340,000009.SZ,684897,1,0,8.14,100
2026-03-27 09:30:00.340,20260327,93000340,000009.SZ,684909,1,0,8.06,100
2026-03-27 09:30:00.340,20260327,93000340,000009.SZ,684930,1,0,8.05,100
2026-03-27 09:30:00.340,20260327,93000340,000009.SZ,684933,1,0,8.16,100
2026-03-27 09:30:00.340,20260327,93000340,000009.SZ,684948,1,0,8.21,100
2026-03-27 09:30:00.340,20260327,93000340,000009.SZ,684968,1,0,8.09,100
2026-03-27 09:30:00.340,20260327,93000340,000009.SZ,685012,1,0,8.1,100
2026-03-27 09:30:00.340,20260327,93000340,000009.SZ,685013,1,0,7.99,100
2026-03-27 09:30:00.340,20260327,93000340,000009.SZ,685192,1,0,8.07,100
2026-03-27 09:30:00.350,20260327,93000350,000009.SZ,685252,1,0,8.2,100
2026-03-27 09:30:00.350,20260327,93000350,000009.SZ,685260,1,0,8.13,100
2026-03-27 09:30:00.350,20260327,93000350,000009.SZ,685422,1,0,8.22,100
2026-03-27 09:30:00.350,20260327,93000350,000009.SZ,685592,1,0,8.11,100
2026-03-27 09:30:00.350,20260327,93000350,000009.SZ,686194,1,0,8.77,300
2026-03-27 09:30:00.350,20260327,93000350,000009.SZ,686218,1,0,8.76,2000
2026-03-27 09:30:00.360,20260327,93000360,000009.SZ,690085,2,0,9.03,1000
2026-03-27 09:30:00.360,20260327,93000360,000009.SZ,690645,1,0,8.77,10200
2026-03-27 09:30:00.370,20260327,93000370,000009.SZ,693667,1,0,8.78,11600
2026-03-27 09:30:00.380,20260327,93000380,000009.SZ,694454,1,0,8.15,100
2026-03-27 09:30:00.400,20260327,93000400,000009.SZ,698339,2,0,8.98,8000
2026-03-27 09:30:00.400,20260327,93000400,000009.SZ,699287,1,0,8.3,10000
2026-03-27 09:30:00.400,20260327,93000400,000009.SZ,699520,1,0,8.5,2500
2026-03-27 09:30:00.410,20260327,93000410,000009.SZ,701160,1,0,8.77,900
2026-03-27 09:30:00.410,20260327,93000410,000009.SZ,701318,1,0,8.77,1000
2026-03-27 09:30:00.420,20260327,93000420,000009.SZ,703527,1,0,8.77,500
2026-03-27 09:30:00.420,20260327,93000420,000009.SZ,704195,1,0,8.75,500
2026-03-27 09:30:00.430,20260327,93000430,000009.SZ,704691,2,0,8.83,5000
2026-03-27 09:30:00.430,20260327,93000430,000009.SZ,704863,1,0,8.35,200
2026-03-27 09:30:00.430,20260327,93000430,000009.SZ,705258,2,0,8.8,400
2026-03-27 09:30:00.440,20260327,93000440,000009.SZ,706923,1,0,8.73,900
2026-03-27 09:30:00.440,20260327,93000440,000009.SZ,706991,2,0,9.3,200
2026-03-27 09:30:00.440,20260327,93000440,000009.SZ,707092,2,0,9.76,300
2026-03-27 09:30:00.440,20260327,93000440,000009.SZ,707416,1,0,8.7,2000
2026-03-27 09:30:00.440,20260327,93000440,000009.SZ,708017,2,0,8.79,700
2026-03-27 09:30:00.450,20260327,93000450,000009.SZ,709048,1,0,8.77,2500
2026-03-27 09:30:00.460,20260327,93000460,000009.SZ,710663,1,0,8.65,500
2026-03-27 09:30:00.470,20260327,93000470,000009.SZ,711387,2,0,8.76,1300
2026-03-27 09:30:00.470,20260327,93000470,000009.SZ,712091,1,0,8.78,100
2026-03-27 09:30:00.470,20260327,93000470,000009.SZ,712228,2,0,8.77,100
2026-03-27 09:30:00.480,20260327,93000480,000009.SZ,712805,1,0,8.6,500
2026-03-27 09:30:00.490,20260327,93000490,000009.SZ,714977,1,0,8.87,1800
2026-03-27 09:30:00.500,20260327,93000500,000009.SZ,716569,1,0,8.51,2500
2026-03-27 09:30:00.500,20260327,93000500,000009.SZ,716745,1,0,8.72,500
2026-03-27 09:30:00.500,20260327,93000500,000009.SZ,717621,1,0,8.41,1500
2026-03-27 09:30:00.510,20260327,93000510,000009.SZ,718785,2,0,8.96,900
2026-03-27 09:30:00.510,20260327,93000510,000009.SZ,718870,1,0,8.5,500
2026-03-27 09:30:00.510,20260327,93000510,000009.SZ,719495,1,0,8.0,12000
2026-03-27 09:30:00.520,20260327,93000520,000009.SZ,720514,2,0,8.76,600
2026-03-27 09:30:00.520,20260327,93000520,000009.SZ,720523,2,0,9.76,8000
2026-03-27 09:30:00.520,20260327,93000520,000009.SZ,721218,1,0,8.53,500
2026-03-27 09:30:00.520,20260327,93000520,000009.SZ,721525,1,0,8.7,4700
2026-03-27 09:30:00.530,20260327,93000530,000009.SZ,722687,1,0,8.82,22500
2026-03-27 09:30:00.540,20260327,93000540,000009.SZ,723826,1,0,8.52,400
2026-03-27 09:30:00.540,20260327,93000540,000009.SZ,724291,2,0,9.1,2500
2026-03-27 09:30:00.540,20260327,93000540,000009.SZ,724434,1,0,8.38,500
2026-03-27 09:30:00.540,20260327,93000540,000009.SZ,724817,1,0,8.75,1000
2026-03-27 09:30:00.540,20260327,93000540,000009.SZ,724875,2,0,8.75,4000
2026-03-27 09:30:00.540,20260327,93000540,000009.SZ,725092,2,0,8.8,15000
2026-03-27 09:30:00.550,20260327,93000550,000009.SZ,727202,1,0,8.75,1000
2026-03-27 09:30:00.560,20260327,93000560,000009.SZ,727742,2,0,9.57,1000
2026-03-27 09:30:00.570,20260327,93000570,000009.SZ,730186,1,0,8.77,500
2026-03-27 09:30:00.570,20260327,93000570,000009.SZ,730193,1,0,8.8,5600
2026-03-27 09:30:00.570,20260327,93000570,000009.SZ,730205,1,0,8.68,500
2026-03-27 09:30:00.570,20260327,93000570,000009.SZ,730232,1,0,8.56,500
2026-03-27 09:30:00.570,20260327,93000570,000009.SZ,730233,1,0,8.48,500
2026-03-27 09:30:00.580,20260327,93000580,000009.SZ,731778,1,0,8.74,1000
2026-03-27 09:30:00.580,20260327,93000580,000009.SZ,732328,1,0,8.71,1000
2026-03-27 09:30:00.580,20260327,93000580,000009.SZ,732457,1,0,8.3,2000
2026-03-27 09:30:00.590,20260327,93000590,000009.SZ,733387,1,0,7.98,3000
2026-03-27 09:30:00.600,20260327,93000600,000009.SZ,735131,2,0,8.76,1000
2026-03-27 09:30:00.610,20260327,93000610,000009.SZ,735650,1,0,8.77,2000
2026-03-27 09:30:00.610,20260327,93000610,000009.SZ,735830,1,0,8.77,600
2026-03-27 09:30:00.610,20260327,93000610,000009.SZ,735950,1,0,8.87,1000
2026-03-27 09:30:00.610,20260327,93000610,000009.SZ,736763,1,0,8.72,2700
2026-03-27 09:30:00.650,20260327,93000650,000009.SZ,742631,1,0,8.73,500
2026-03-27 09:30:00.650,20260327,93000650,000009.SZ,742688,1,0,8.65,1000
2026-03-27 09:30:00.650,20260327,93000650,000009.SZ,743347,1,0,8.37,500
2026-03-27 09:30:00.660,20260327,93000660,000009.SZ,745272,2,0,8.77,200
2026-03-27 09:30:00.680,20260327,93000680,000009.SZ,749650,1,0,8.75,1000
2026-03-27 09:30:00.680,20260327,93000680,000009.SZ,749800,2,0,9.1,5000
2026-03-27 09:30:00.680,20260327,93000680,000009.SZ,749923,1,0,8.7,500
2026-03-27 09:30:00.700,20260327,93000700,000009.SZ,752589,1,0,8.77,500
2026-03-27 09:30:00.700,20260327,93000700,000009.SZ,752828,1,0,8.6,4000
2026-03-27 09:30:00.700,20260327,93000700,000009.SZ,753222,1,0,8.27,500
2026-03-27 09:30:00.700,20260327,93000700,000009.SZ,753363,1,0,8.76,5000
2026-03-27 09:30:00.710,20260327,93000710,000009.SZ,754381,1,0,8.53,100
2026-03-27 09:30:00.710,20260327,93000710,000009.SZ,754905,1,0,8.4,1000
2026-03-27 09:30:00.710,20260327,93000710,000009.SZ,754906,2,0,9.2,30000
2026-03-27 09:30:00.720,20260327,93000720,000009.SZ,756001,2,0,8.9,1000
2026-03-27 09:30:00.720,20260327,93000720,000009.SZ,756003,2,0,9.12,3200
2026-03-27 09:30:00.730,20260327,93000730,000009.SZ,758106,2,0,8.76,300
2026-03-27 09:30:00.740,20260327,93000740,000009.SZ,758490,1,0,8.65,500
2026-03-27 09:30:00.740,20260327,93000740,000009.SZ,758637,1,0,8.6,500
2026-03-27 09:30:00.740,20260327,93000740,000009.SZ,758739,1,0,8.4,500
2026-03-27 09:30:00.740,20260327,93000740,000009.SZ,759154,1,0,8.82,500
2026-03-27 09:30:00.740,20260327,93000740,000009.SZ,759186,1,0,8.82,22000
2026-03-27 09:30:00.760,20260327,93000760,000009.SZ,760879,1,0,8.4,3000
2026-03-27 09:30:00.770,20260327,93000770,000009.SZ,761942,2,0,8.95,500
2026-03-27 09:30:00.780,20260327,93000780,000009.SZ,763714,2,0,8.76,1000
2026-03-27 09:30:00.780,20260327,93000780,000009.SZ,764416,1,0,8.76,1000
2026-03-27 09:30:00.780,20260327,93000780,000009.SZ,764424,1,0,8.76,300
2026-03-27 09:30:00.790,20260327,93000790,000009.SZ,764571,1,0,8.7,500
2026-03-27 09:30:00.790,20260327,93000790,000009.SZ,764680,1,0,8.78,600
2026-03-27 09:30:00.790,20260327,93000790,000009.SZ,764947,1,0,8.87,500
2026-03-27 09:30:00.790,20260327,93000790,000009.SZ,765473,2,0,8.76,100
2026-03-27 09:30:00.800,20260327,93000800,000009.SZ,766717,1,0,8.5,1100
2026-03-27 09:30:00.820,20260327,93000820,000009.SZ,768340,1,0,8.6,600
2026-03-27 09:30:00.840,20260327,93000840,000009.SZ,771208,2,0,8.99,8100
2026-03-27 09:30:00.840,20260327,93000840,000009.SZ,772367,1,0,8.29,2500
2026-03-27 09:30:00.850,20260327,93000850,000009.SZ,773786,2,0,9.38,500
2026-03-27 09:30:00.860,20260327,93000860,000009.SZ,774665,1,0,8.77,400
2026-03-27 09:30:00.870,20260327,93000870,000009.SZ,776705,2,0,9.25,1200
2026-03-27 09:30:00.880,20260327,93000880,000009.SZ,778036,1,0,8.59,2000
2026-03-27 09:30:00.910,20260327,93000910,000009.SZ,781161,1,0,8.47,5000
2026-03-27 09:30:00.920,20260327,93000920,000009.SZ,781904,2,0,8.75,700
2026-03-27 09:30:00.920,20260327,93000920,000009.SZ,782471,2,0,8.9,200
2026-03-27 09:30:00.920,20260327,93000920,000009.SZ,782522,1,0,8.76,200
2026-03-27 09:30:00.920,20260327,93000920,000009.SZ,783445,1,0,8.76,1000
2026-03-27 09:30:00.930,20260327,93000930,000009.SZ,783583,1,0,8.8,1000
2026-03-27 09:30:00.930,20260327,93000930,000009.SZ,783806,2,0,9.08,1200
2026-03-27 09:30:00.930,20260327,93000930,000009.SZ,784757,2,0,8.77,2300
2026-03-27 09:30:00.930,20260327,93000930,000009.SZ,784954,2,0,8.7,20000
2026-03-27 09:30:00.950,20260327,93000950,000009.SZ,787526,1,0,8.3,500
2026-03-27 09:30:00.960,20260327,93000960,000009.SZ,789066,2,0,8.88,5000
2026-03-27 09:30:00.970,20260327,93000970,000009.SZ,790594,2,0,8.78,300
2026-03-27 09:30:00.970,20260327,93000970,000009.SZ,790644,2,0,8.76,500
2026-03-27 09:30:00.990,20260327,93000990,000009.SZ,791830,2,0,8.79,500
2026-03-27 09:30:00.990,20260327,93000990,000009.SZ,792188,2,0,8.76,100
2026-03-27 09:30:01.000,20260327,93001000,000009.SZ,794136,2,0,8.9,200
2026-03-27 09:30:01.000,20260327,93001000,000009.SZ,794523,1,0,8.72,2300
2026-03-27 09:30:01.010,20260327,93001010,000009.SZ,794746,2,0,8.76,1000
2026-03-27 09:30:01.010,20260327,93001010,000009.SZ,795473,1,0,8.76,800
2026-03-27 09:30:01.030,20260327,93001030,000009.SZ,798313,2,0,8.87,1100
2026-03-27 09:30:01.040,20260327,93001040,000009.SZ,798670,2,0,8.9,3700
2026-03-27 09:30:01.040,20260327,93001040,000009.SZ,798683,2,0,8.76,1700
2026-03-27 09:30:01.050,20260327,93001050,000009.SZ,799848,1,0,8.73,1000
2026-03-27 09:30:01.050,20260327,93001050,000009.SZ,800189,1,0,8.82,3100
2026-03-27 09:30:01.060,20260327,93001060,000009.SZ,800728,2,0,8.76,500
2026-03-27 09:30:01.080,20260327,93001080,000009.SZ,802605,1,0,8.77,1000
2026-03-27 09:30:01.090,20260327,93001090,000009.SZ,802938,1,0,8.69,2700
2026-03-27 09:30:01.090,20260327,93001090,000009.SZ,803087,2,0,8.99,3000
2026-03-27 09:30:01.090,20260327,93001090,000009.SZ,803286,1,0,8.76,200
2026-03-27 09:30:01.090,20260327,93001090,000009.SZ,803619,2,0,9.58,4000
2026-03-27 09:30:01.110,20260327,93001110,000009.SZ,805372,1,0,8.74,1000
2026-03-27 09:30:01.120,20260327,93001120,000009.SZ,806551,2,0,8.83,300
2026-03-27 09:30:01.120,20260327,93001120,000009.SZ,806766,1,0,8.75,5200
2026-03-27 09:30:01.130,20260327,93001130,000009.SZ,807206,1,0,8.74,200
2026-03-27 09:30:01.130,20260327,93001130,000009.SZ,807723,1,0,8.73,9000
2026-03-27 09:30:01.160,20260327,93001160,000009.SZ,809798,1,0,8.65,1100
2026-03-27 09:30:01.160,20260327,93001160,000009.SZ,809816,2,0,9.76,200
2026-03-27 09:30:01.170,20260327,93001170,000009.SZ,811005,1,0,8.4,400
2026-03-27 09:30:01.180,20260327,93001180,000009.SZ,812167,2,0,8.8,100
2026-03-27 09:30:01.180,20260327,93001180,000009.SZ,812374,2,0,8.76,100
2026-03-27 09:30:01.190,20260327,93001190,000009.SZ,812829,1,0,8.67,3000
2026-03-27 09:30:01.210,20260327,93001210,000009.SZ,814017,2,0,8.75,400
2026-03-27 09:30:01.210,20260327,93001210,000009.SZ,814434,1,0,8.8,500
2026-03-27 09:30:01.220,20260327,93001220,000009.SZ,815487,1,0,8.81,17600
2026-03-27 09:30:01.220,20260327,93001220,000009.SZ,815685,2,0,8.76,1000
2026-03-27 09:30:01.230,20260327,93001230,000009.SZ,816289,1,0,8.77,1000
2026-03-27 09:30:01.230,20260327,93001230,000009.SZ,816550,2,0,8.8,100
2026-03-27 09:30:01.240,20260327,93001240,000009.SZ,817175,2,0,9.76,500
2026-03-27 09:30:01.240,20260327,93001240,000009.SZ,817217,2,0,8.8,2100
2026-03-27 09:30:01.250,20260327,93001250,000009.SZ,818527,2,0,8.99,500
2026-03-27 09:30:01.260,20260327,93001260,000009.SZ,819213,2,0,9.15,5100
2026-03-27 09:30:01.270,20260327,93001270,000009.SZ,820323,1,0,8.6,1000
2026-03-27 09:30:01.270,20260327,93001270,000009.SZ,820830,2,0,9.06,500
2026-03-27 09:30:01.300,20260327,93001300,000009.SZ,823270,1,0,8.37,500
2026-03-27 09:30:01.310,20260327,93001310,000009.SZ,823979,2,0,8.76,2000
2026-03-27 09:30:01.310,20260327,93001310,000009.SZ,824418,1,0,8.8,17300
2026-03-27 09:30:01.350,20260327,93001350,000009.SZ,827862,1,0,8.71,5000
2026-03-27 09:30:01.350,20260327,93001350,000009.SZ,828091,1,0,8.41,3900
2026-03-27 09:30:01.390,20260327,93001390,000009.SZ,831346,2,0,8.76,8700
2026-03-27 09:30:01.460,20260327,93001460,000009.SZ,837115,1,0,8.66,200
2026-03-27 09:30:01.460,20260327,93001460,000009.SZ,837180,2,0,9.2,500
2026-03-27 09:30:01.500,20260327,93001500,000009.SZ,840317,2,0,8.76,100
2026-03-27 09:30:01.530,20260327,93001530,000009.SZ,843532,1,0,8.65,500
2026-03-27 09:30:01.550,20260327,93001550,000009.SZ,844996,2,0,8.77,1100
2026-03-27 09:30:01.550,20260327,93001550,000009.SZ,845226,2,0,8.76,1000
2026-03-27 09:30:01.550,20260327,93001550,000009.SZ,845285,2,0,8.77,200
2026-03-27 09:30:01.550,20260327,93001550,000009.SZ,845287,2,0,8.77,200
2026-03-27 09:30:01.550,20260327,93001550,000009.SZ,845378,2,0,8.77,1100
2026-03-27 09:30:01.550,20260327,93001550,000009.SZ,845380,2,0,8.77,600
2026-03-27 09:30:01.560,20260327,93001560,000009.SZ,845869,2,0,8.77,300
2026-03-27 09:30:01.570,20260327,93001570,000009.SZ,846937,2,0,8.77,300
2026-03-27 09:30:01.570,20260327,93001570,000009.SZ,846994,1,0,8.78,600
2026-03-27 09:30:01.580,20260327,93001580,000009.SZ,847847,2,0,8.76,100
2026-03-27 09:30:01.590,20260327,93001590,000009.SZ,847946,2,0,8.76,300
2026-03-27 09:30:01.600,20260327,93001600,000009.SZ,849234,1,0,8.8,600
2026-03-27 09:30:01.630,20260327,93001630,000009.SZ,852474,2,0,9.76,3000
2026-03-27 09:30:01.650,20260327,93001650,000009.SZ,853685,1,0,8.7,100
2026-03-27 09:30:01.660,20260327,93001660,000009.SZ,855174,1,0,8.62,1000
2026-03-27 09:30:01.700,20260327,93001700,000009.SZ,858640,1,0,8.78,500
2026-03-27 09:30:01.710,20260327,93001710,000009.SZ,859717,1,0,8.77,500
2026-03-27 09:30:01.710,20260327,93001710,000009.SZ,859796,2,0,9.76,7300
2026-03-27 09:30:01.750,20260327,93001750,000009.SZ,864041,1,0,8.67,1000
2026-03-27 09:30:01.750,20260327,93001750,000009.SZ,864064,2,0,9.3,500
2026-03-27 09:30:01.770,20260327,93001770,000009.SZ,865216,2,0,9.5,500
2026-03-27 09:30:01.770,20260327,93001770,000009.SZ,865849,2,0,8.77,1100
2026-03-27 09:30:01.780,20260327,93001780,000009.SZ,866441,1,0,8.38,500
2026-03-27 09:30:01.780,20260327,93001780,000009.SZ,866560,2,0,9.05,1300
2026-03-27 09:30:01.790,20260327,93001790,000009.SZ,867520,2,0,9.44,1000
2026-03-27 09:30:01.800,20260327,93001800,000009.SZ,868530,1,0,8.8,6500
2026-03-27 09:30:01.840,20260327,93001840,000009.SZ,871479,1,0,8.71,5000
2026-03-27 09:30:01.850,20260327,93001850,000009.SZ,872422,2,0,8.85,100
2026-03-27 09:30:01.870,20260327,93001870,000009.SZ,873757,1,0,8.6,1000
2026-03-27 09:30:01.920,20260327,93001920,000009.SZ,878496,2,0,8.76,400
2026-03-27 09:30:01.930,20260327,93001930,000009.SZ,878668,2,0,8.77,200
2026-03-27 09:30:01.930,20260327,93001930,000009.SZ,878999,1,0,8.5,1500
2026-03-27 09:30:01.930,20260327,93001930,000009.SZ,879212,1,0,8.75,300
2026-03-27 09:30:01.930,20260327,93001930,000009.SZ,879285,2,0,8.77,200
2026-03-27 09:30:01.940,20260327,93001940,000009.SZ,880710,1,0,8.73,1000
2026-03-27 09:30:01.960,20260327,93001960,000009.SZ,882813,2,0,8.78,400
2026-03-27 09:30:01.990,20260327,93001990,000009.SZ,885218,1,0,8.55,100
2026-03-27 09:30:02.000,20260327,93002000,000009.SZ,886257,2,0,8.98,31900
2026-03-27 09:30:02.000,20260327,93002000,000009.SZ,886380,2,0,8.78,400
2026-03-27 09:30:02.000,20260327,93002000,000009.SZ,886609,2,0,9.18,15900
2026-03-27 09:30:02.010,20260327,93002010,000009.SZ,887237,2,0,8.88,8000
2026-03-27 09:30:02.020,20260327,93002020,000009.SZ,888726,2,0,8.79,20000
2026-03-27 09:30:02.030,20260327,93002030,000009.SZ,890000,1,0,8.7,3200
2026-03-27 09:30:02.050,20260327,93002050,000009.SZ,891747,2,0,9.18,3000
2026-03-27 09:30:02.070,20260327,93002070,000009.SZ,893156,2,0,8.99,6500
2026-03-27 09:30:02.170,20260327,93002170,000009.SZ,899141,2,0,9.75,300
2026-03-27 09:30:02.200,20260327,93002200,000009.SZ,901010,2,0,8.76,2700
2026-03-27 09:30:02.210,20260327,93002210,000009.SZ,901719,1,0,8.67,500
2026-03-27 09:30:02.210,20260327,93002210,000009.SZ,901974,2,0,8.79,11300
2026-03-27 09:30:02.220,20260327,93002220,000009.SZ,902756,2,0,8.77,200
2026-03-27 09:30:02.220,20260327,93002220,000009.SZ,903040,1,0,8.65,500
2026-03-27 09:30:02.240,20260327,93002240,000009.SZ,904062,1,0,8.7,3000
2026-03-27 09:30:02.250,20260327,93002250,000009.SZ,904424,1,0,8.38,700
2026-03-27 09:30:02.280,20260327,93002280,000009.SZ,906696,2,0,8.99,3700
2026-03-27 09:30:02.290,20260327,93002290,000009.SZ,907404,1,0,8.8,100
2026-03-27 09:30:02.310,20260327,93002310,000009.SZ,909257,2,0,9.0,13300
2026-03-27 09:30:02.310,20260327,93002310,000009.SZ,909646,2,0,9.4,8000
2026-03-27 09:30:02.320,20260327,93002320,000009.SZ,909837,2,0,9.76,276100
2026-03-27 09:30:02.320,20260327,93002320,000009.SZ,910163,2,0,8.99,3000
2026-03-27 09:30:02.380,20260327,93002380,000009.SZ,913201,1,0,8.28,700
2026-03-27 09:30:02.410,20260327,93002410,000009.SZ,915046,1,0,8.75,1000
2026-03-27 09:30:02.440,20260327,93002440,000009.SZ,916519,1,0,8.18,700
2026-03-27 09:30:02.450,20260327,93002450,000009.SZ,916644,1,0,8.08,700
2026-03-27 09:30:02.490,20260327,93002490,000009.SZ,918482,2,0,8.76,100
2026-03-27 09:30:02.520,20260327,93002520,000009.SZ,920459,2,0,8.99,8000
2026-03-27 09:30:02.520,20260327,93002520,000009.SZ,920505,2,0,8.76,300
2026-03-27 09:30:02.530,20260327,93002530,000009.SZ,921117,1,0,8.42,1200
2026-03-27 09:30:02.540,20260327,93002540,000009.SZ,922085,1,0,8.71,700
2026-03-27 09:30:02.570,20260327,93002570,000009.SZ,923941,2,0,9.18,1000
2026-03-27 09:30:02.610,20260327,93002610,000009.SZ,926334,1,0,8.48,100
2026-03-27 09:30:02.620,20260327,93002620,000009.SZ,926960,1,0,8.7,6900
2026-03-27 09:30:02.650,20260327,93002650,000009.SZ,928507,1,0,8.56,1000
2026-03-27 09:30:02.660,20260327,93002660,000009.SZ,929238,1,0,8.76,600
2026-03-27 09:30:02.700,20260327,93002700,000009.SZ,932584,1,0,8.5,200
2026-03-27 09:30:02.700,20260327,93002700,000009.SZ,933127,1,0,8.77,1000
2026-03-27 09:30:02.700,20260327,93002700,000009.SZ,933498,2,0,8.83,3000
2026-03-27 09:30:02.710,20260327,93002710,000009.SZ,934029,1,0,8.77,500
2026-03-27 09:30:02.720,20260327,93002720,000009.SZ,934927,2,0,9.6,500
2026-03-27 09:30:02.730,20260327,93002730,000009.SZ,935527,1,0,8.69,6500
2026-03-27 09:30:02.730,20260327,93002730,000009.SZ,935571,2,0,8.86,100
2026-03-27 09:30:02.740,20260327,93002740,000009.SZ,935946,2,0,9.7,500
2026-03-27 09:30:02.770,20260327,93002770,000009.SZ,938106,1,0,8.6,1000
2026-03-27 09:30:02.830,20260327,93002830,000009.SZ,941536,2,0,9.1,1000
2026-03-27 09:30:02.840,20260327,93002840,000009.SZ,941897,2,0,8.76,100
2026-03-27 09:30:02.840,20260327,93002840,000009.SZ,942176,2,0,9.1,5300
2026-03-27 09:30:02.850,20260327,93002850,000009.SZ,942253,1,0,8.78,2600
2026-03-27 09:30:02.850,20260327,93002850,000009.SZ,942436,2,0,8.83,1000
2026-03-27 09:30:02.930,20260327,93002930,000009.SZ,947148,1,0,8.74,6800
2026-03-27 09:30:02.940,20260327,93002940,000009.SZ,947958,1,0,8.77,1000
2026-03-27 09:30:02.940,20260327,93002940,000009.SZ,948074,1,0,8.16,100
2026-03-27 09:30:02.950,20260327,93002950,000009.SZ,949395,1,0,8.76,200
2026-03-27 09:30:03.000,20260327,93003000,000009.SZ,952255,2,0,9.76,156900
2026-03-27 09:30:03.000,20260327,93003000,000009.SZ,952630,1,0,8.73,9200
2026-03-27 09:30:03.000,20260327,93003000,000009.SZ,952656,1,0,8.54,500
2026-03-27 09:30:03.000,20260327,93003000,000009.SZ,953116,1,0,8.43,1000
2026-03-27 09:30:03.100,20260327,93003100,000009.SZ,958751,1,0,8.71,2600
2026-03-27 09:30:03.160,20260327,93003160,000009.SZ,961192,1,0,8.79,11200
2026-03-27 09:30:03.160,20260327,93003160,000009.SZ,961213,1,0,8.79,5700
2026-03-27 09:30:03.160,20260327,93003160,000009.SZ,961214,1,0,8.79,100
2026-03-27 09:30:03.160,20260327,93003160,000009.SZ,961283,1,0,8.8,600
2026-03-27 09:30:03.160,20260327,93003160,000009.SZ,961294,1,0,8.79,3900
2026-03-27 09:30:03.160,20260327,93003160,000009.SZ,961303,1,0,8.79,3900
2026-03-27 09:30:03.160,20260327,93003160,000009.SZ,961305,1,0,8.79,10200
2026-03-27 09:30:03.160,20260327,93003160,000009.SZ,961341,1,0,8.79,2700
2026-03-27 09:30:03.160,20260327,93003160,000009.SZ,961350,1,0,8.8,1100
2026-03-27 09:30:03.160,20260327,93003160,000009.SZ,961351,1,0,8.8,200
2026-03-27 09:30:03.160,20260327,93003160,000009.SZ,961355,1,0,8.8,200
2026-03-27 09:30:03.160,20260327,93003160,000009.SZ,961357,1,0,8.8,800
2026-03-27 09:30:03.160,20260327,93003160,000009.SZ,961360,1,0,8.79,700
2026-03-27 09:30:03.160,20260327,93003160,000009.SZ,961365,1,0,8.79,400
2026-03-27 09:30:03.160,20260327,93003160,000009.SZ,961366,1,0,8.79,800
2026-03-27 09:30:03.160,20260327,93003160,000009.SZ,961369,1,0,8.78,26800
2026-03-27 09:30:03.160,20260327,93003160,000009.SZ,961370,1,0,8.79,200
2026-03-27 09:30:03.160,20260327,93003160,000009.SZ,961374,1,0,8.79,700
2026-03-27 09:30:03.170,20260327,93003170,000009.SZ,961378,1,0,8.79,1000
2026-03-27 09:30:03.170,20260327,93003170,000009.SZ,961380,1,0,8.8,300
2026-03-27 09:30:03.170,20260327,93003170,000009.SZ,961382,1,0,8.79,1200
2026-03-27 09:30:03.170,20260327,93003170,000009.SZ,961383,1,0,8.79,3200
2026-03-27 09:30:03.170,20260327,93003170,000009.SZ,961384,1,0,8.79,2000
2026-03-27 09:30:03.170,20260327,93003170,000009.SZ,961385,1,0,8.79,1200
2026-03-27 09:30:03.170,20260327,93003170,000009.SZ,961391,1,0,8.79,100
2026-03-27 09:30:03.170,20260327,93003170,000009.SZ,961392,1,0,8.79,300
2026-03-27 09:30:03.170,20260327,93003170,000009.SZ,961399,1,0,8.8,200
2026-03-27 09:30:03.170,20260327,93003170,000009.SZ,961476,1,0,8.79,4000
2026-03-27 09:30:03.170,20260327,93003170,000009.SZ,961478,1,0,8.8,200
2026-03-27 09:30:03.170,20260327,93003170,000009.SZ,961479,1,0,8.8,200
2026-03-27 09:30:03.170,20260327,93003170,000009.SZ,961483,1,0,8.79,200
2026-03-27 09:30:03.180,20260327,93003180,000009.SZ,961729,1,0,8.8,600
2026-03-27 09:30:03.180,20260327,93003180,000009.SZ,961852,1,0,8.8,500
2026-03-27 09:30:03.180,20260327,93003180,000009.SZ,961854,1,0,8.8,500
2026-03-27 09:30:03.180,20260327,93003180,000009.SZ,961884,1,0,8.79,600
2026-03-27 09:30:03.180,20260327,93003180,000009.SZ,961892,1,0,8.79,400
2026-03-27 09:30:03.220,20260327,93003220,000009.SZ,964638,1,0,8.8,400
2026-03-27 09:30:03.220,20260327,93003220,000009.SZ,964758,1,0,8.8,3100
2026-03-27 09:30:03.220,20260327,93003220,000009.SZ,964873,1,0,8.79,11100
2026-03-27 09:30:03.230,20260327,93003230,000009.SZ,965166,2,0,9.16,10000
2026-03-27 09:30:03.230,20260327,93003230,000009.SZ,965462,1,0,8.8,700
2026-03-27 09:30:03.230,20260327,93003230,000009.SZ,965463,1,0,8.79,300
2026-03-27 09:30:03.250,20260327,93003250,000009.SZ,966649,1,0,8.79,200
2026-03-27 09:30:03.250,20260327,93003250,000009.SZ,966712,1,0,8.79,900
2026-03-27 09:30:03.260,20260327,93003260,000009.SZ,966934,1,0,8.75,1000
2026-03-27 09:30:03.270,20260327,93003270,000009.SZ,967716,1,0,8.35,1200
2026-03-27 09:30:03.320,20260327,93003320,000009.SZ,971902,1,0,8.79,1000
2026-03-27 09:30:03.320,20260327,93003320,000009.SZ,971950,2,0,9.75,1700
2026-03-27 09:30:03.330,20260327,93003330,000009.SZ,972477,2,0,9.0,100
2026-03-27 09:30:03.360,20260327,93003360,000009.SZ,973949,2,0,9.5,100
2026-03-27 09:30:03.380,20260327,93003380,000009.SZ,974412,2,0,8.8,400
2026-03-27 09:30:03.420,20260327,93003420,000009.SZ,976515,1,0,8.65,1100
2026-03-27 09:30:03.440,20260327,93003440,000009.SZ,978035,2,0,8.76,1500
2026-03-27 09:30:03.440,20260327,93003440,000009.SZ,978306,2,0,8.89,1000
2026-03-27 09:30:03.450,20260327,93003450,000009.SZ,978988,1,0,8.75,100
2026-03-27 09:30:03.450,20260327,93003450,000009.SZ,978989,1,0,8.75,100
2026-03-27 09:30:03.450,20260327,93003450,000009.SZ,978990,1,0,8.75,100
2026-03-27 09:30:03.450,20260327,93003450,000009.SZ,978991,1,0,8.75,100
2026-03-27 09:30:03.450,20260327,93003450,000009.SZ,979193,1,0,8.75,500
2026-03-27 09:30:03.450,20260327,93003450,000009.SZ,979194,1,0,8.75,300
2026-03-27 09:30:03.460,20260327,93003460,000009.SZ,979544,1,0,8.86,600
2026-03-27 09:30:03.570,20260327,93003570,000009.SZ,985227,2,0,8.78,5000
2026-03-27 09:30:03.590,20260327,93003590,000009.SZ,986267,1,0,8.77,500
2026-03-27 09:30:03.610,20260327,93003610,000009.SZ,987023,1,0,8.75,100
2026-03-27 09:30:03.610,20260327,93003610,000009.SZ,987024,1,0,8.75,100
2026-03-27 09:30:03.610,20260327,93003610,000009.SZ,987025,1,0,8.75,100
2026-03-27 09:30:03.610,20260327,93003610,000009.SZ,987026,1,0,8.75,100
2026-03-27 09:30:03.620,20260327,93003620,000009.SZ,987719,1,0,8.75,200
2026-03-27 09:30:03.620,20260327,93003620,000009.SZ,987721,1,0,8.75,300
2026-03-27 09:30:03.650,20260327,93003650,000009.SZ,989612,2,0,8.84,100
2026-03-27 09:30:03.650,20260327,93003650,000009.SZ,989828,2,0,9.76,8000
2026-03-27 09:30:03.680,20260327,93003680,000009.SZ,990958,2,0,9.03,5200
2026-03-27 09:30:03.700,20260327,93003700,000009.SZ,992597,1,0,8.67,1000
2026-03-27 09:30:03.710,20260327,93003710,000009.SZ,992852,1,0,8.8,5000
2026-03-27 09:30:03.710,20260327,93003710,000009.SZ,993046,1,0,8.79,200
2026-03-27 09:30:03.750,20260327,93003750,000009.SZ,994798,1,0,8.77,2300
2026-03-27 09:30:03.750,20260327,93003750,000009.SZ,994804,1,0,8.77,2300
2026-03-27 09:30:03.770,20260327,93003770,000009.SZ,995615,1,0,8.8,200
2026-03-27 09:30:03.770,20260327,93003770,000009.SZ,995622,1,0,8.79,200
2026-03-27 09:30:03.790,20260327,93003790,000009.SZ,996468,1,0,8.53,1000
2026-03-27 09:30:03.820,20260327,93003820,000009.SZ,997766,2,0,8.85,1200
2026-03-27 09:30:03.840,20260327,93003840,000009.SZ,998972,1,0,8.78,61600
2026-03-27 09:30:03.870,20260327,93003870,000009.SZ,1000059,2,0,8.88,129544
2026-03-27 09:30:03.880,20260327,93003880,000009.SZ,1000588,1,0,8.72,1000
2026-03-27 09:30:03.910,20260327,93003910,000009.SZ,1002120,1,0,8.7,400
2026-03-27 09:30:03.930,20260327,93003930,000009.SZ,1003263,1,0,8.75,400
2026-03-27 09:30:03.940,20260327,93003940,000009.SZ,1003978,2,0,8.76,2000
2026-03-27 09:30:03.980,20260327,93003980,000009.SZ,1006700,1,0,8.75,100
2026-03-27 09:30:03.980,20260327,93003980,000009.SZ,1006719,1,0,8.75,100
2026-03-27 09:30:04.030,20260327,93004030,000009.SZ,1009893,2,0,8.76,500
2026-03-27 09:30:04.080,20260327,93004080,000009.SZ,1011578,1,0,8.61,4000
2026-03-27 09:30:04.110,20260327,93004110,000009.SZ,1012953,2,0,8.79,5000
2026-03-27 09:30:04.170,20260327,93004170,000009.SZ,1014434,2,0,8.78,100
2026-03-27 09:30:04.210,20260327,93004210,000009.SZ,1015584,1,0,8.74,2000
2026-03-27 09:30:04.310,20260327,93004310,000009.SZ,1021236,1,0,8.77,500
2026-03-27 09:30:04.510,20260327,93004510,000009.SZ,1028902,2,0,8.8,800
2026-03-27 09:30:04.600,20260327,93004600,000009.SZ,1032329,1,0,8.77,200
2026-03-27 09:30:04.600,20260327,93004600,000009.SZ,1032343,2,0,8.8,100
2026-03-27 09:30:04.600,20260327,93004600,000009.SZ,1032371,1,0,8.79,100
2026-03-27 09:30:04.730,20260327,93004730,000009.SZ,1038308,1,0,8.87,600
2026-03-27 09:30:04.810,20260327,93004810,000009.SZ,1040427,2,0,8.89,900
2026-03-27 09:30:04.870,20260327,93004870,000009.SZ,1041810,2,0,8.76,100
2026-03-27 09:30:04.950,20260327,93004950,000009.SZ,1044488,1,0,8.71,13000
2026-03-27 09:30:04.970,20260327,93004970,000009.SZ,1045152,1,0,8.79,100
2026-03-27 09:30:04.970,20260327,93004970,000009.SZ,1045534,1,0,8.72,30000
2026-03-27 09:30:05.140,20260327,93005140,000009.SZ,1050247,1,0,8.78,300
2026-03-27 09:30:05.140,20260327,93005140,000009.SZ,1050286,1,0,8.78,300
2026-03-27 09:30:05.160,20260327,93005160,000009.SZ,1050737,1,0,8.8,300
2026-03-27 09:30:05.170,20260327,93005170,000009.SZ,1050904,1,0,8.82,1800
2026-03-27 09:30:05.170,20260327,93005170,000009.SZ,1050924,2,0,8.77,200
2026-03-27 09:30:05.210,20260327,93005210,000009.SZ,1051707,1,0,8.83,11200
2026-03-27 09:30:05.230,20260327,93005230,000009.SZ,1052670,2,0,8.76,600
2026-03-27 09:30:05.250,20260327,93005250,000009.SZ,1053318,1,0,8.83,3800
2026-03-27 09:30:05.250,20260327,93005250,000009.SZ,1053320,1,0,8.83,1800
2026-03-27 09:30:05.410,20260327,93005410,000009.SZ,1057667,1,0,8.83,11200
2026-03-27 09:30:05.450,20260327,93005450,000009.SZ,1058362,1,1,0.0,6000
2026-03-27 09:30:05.500,20260327,93005500,000009.SZ,1059217,2,0,8.77,100
2026-03-27 09:30:05.510,20260327,93005510,000009.SZ,1059344,1,0,8.84,800
2026-03-27 09:30:05.580,20260327,93005580,000009.SZ,1060403,1,0,8.92,600
2026-03-27 09:30:05.650,20260327,93005650,000009.SZ,1061531,2,0,9.06,5500
2026-03-27 09:30:05.670,20260327,93005670,000009.SZ,1061953,1,0,8.7,200
2026-03-27 09:30:05.850,20260327,93005850,000009.SZ,1065631,1,0,8.68,100
2026-03-27 09:30:05.890,20260327,93005890,000009.SZ,1066363,2,0,9.76,500
2026-03-27 09:30:05.950,20260327,93005950,000009.SZ,1067964,1,0,8.7,1000
2026-03-27 09:30:05.950,20260327,93005950,000009.SZ,1067978,1,0,8.79,1900
2026-03-27 09:30:05.980,20260327,93005980,000009.SZ,1069019,2,0,8.8,200
2026-03-27 09:30:05.980,20260327,93005980,000009.SZ,1069319,1,0,8.76,1500
2026-03-27 09:30:06.070,20260327,93006070,000009.SZ,1071358,1,0,8.78,300
2026-03-27 09:30:06.140,20260327,93006140,000009.SZ,1072716,2,0,8.75,900
2026-03-27 09:30:06.150,20260327,93006150,000009.SZ,1072885,2,0,8.84,400
2026-03-27 09:30:06.150,20260327,93006150,000009.SZ,1072975,1,0,8.86,100
2026-03-27 09:30:06.160,20260327,93006160,000009.SZ,1073280,1,0,8.8,600
2026-03-27 09:30:06.200,20260327,93006200,000009.SZ,1074766,2,0,8.89,100
2026-03-27 09:30:06.220,20260327,93006220,000009.SZ,1075847,1,0,8.8,2700
2026-03-27 09:30:06.220,20260327,93006220,000009.SZ,1076291,1,0,8.84,700
2026-03-27 09:30:06.250,20260327,93006250,000009.SZ,1077395,1,0,8.84,300
2026-03-27 09:30:06.250,20260327,93006250,000009.SZ,1077565,1,0,8.85,100
2026-03-27 09:30:06.260,20260327,93006260,000009.SZ,1078088,2,0,8.72,500
2026-03-27 09:30:06.280,20260327,93006280,000009.SZ,1079707,2,0,8.93,200
2026-03-27 09:30:06.280,20260327,93006280,000009.SZ,1079776,1,0,8.64,200
2026-03-27 09:30:06.280,20260327,93006280,000009.SZ,1079852,1,0,8.8,900
2026-03-27 09:30:06.300,20260327,93006300,000009.SZ,1080894,1,0,8.85,200
2026-03-27 09:30:06.300,20260327,93006300,000009.SZ,1080944,1,0,8.85,100
2026-03-27 09:30:06.300,20260327,93006300,000009.SZ,1081032,1,0,8.85,100
2026-03-27 09:30:06.310,20260327,93006310,000009.SZ,1081305,1,0,8.85,100
2026-03-27 09:30:06.320,20260327,93006320,000009.SZ,1081686,1,0,8.84,300
2026-03-27 09:30:06.380,20260327,93006380,000009.SZ,1084624,2,0,8.9,900
2026-03-27 09:30:06.490,20260327,93006490,000009.SZ,1088211,1,0,8.84,900
2026-03-27 09:30:06.660,20260327,93006660,000009.SZ,1093566,1,0,8.77,100
2026-03-27 09:30:06.720,20260327,93006720,000009.SZ,1095115,2,0,8.86,1100
2026-03-27 09:30:06.780,20260327,93006780,000009.SZ,1096852,1,0,8.83,300
2026-03-27 09:30:06.850,20260327,93006850,000009.SZ,1098663,1,0,8.82,400
2026-03-27 09:30:06.870,20260327,93006870,000009.SZ,1099232,2,0,9.05,400
2026-03-27 09:30:06.940,20260327,93006940,000009.SZ,1100990,1,0,8.73,1000
2026-03-27 09:30:07.020,20260327,93007020,000009.SZ,1103349,1,0,8.73,400
2026-03-27 09:30:07.020,20260327,93007020,000009.SZ,1103601,1,0,8.77,100
2026-03-27 09:30:07.030,20260327,93007030,000009.SZ,1103744,2,0,8.76,1000
2026-03-27 09:30:07.040,20260327,93007040,000009.SZ,1104057,1,0,8.8,1400
2026-03-27 09:30:07.150,20260327,93007150,000009.SZ,1105546,1,0,8.85,300
2026-03-27 09:30:07.170,20260327,93007170,000009.SZ,1106229,1,0,8.84,300
2026-03-27 09:30:07.260,20260327,93007260,000009.SZ,1110240,1,0,8.85,600
2026-03-27 09:30:07.360,20260327,93007360,000009.SZ,1114001,1,0,8.83,100
2026-03-27 09:30:07.440,20260327,93007440,000009.SZ,1115437,1,0,8.85,900
2026-03-27 09:30:07.520,20260327,93007520,000009.SZ,1117259,1,0,8.67,400
2026-03-27 09:30:07.590,20260327,93007590,000009.SZ,1120881,1,0,8.84,300
2026-03-27 09:30:07.620,20260327,93007620,000009.SZ,1121821,1,0,8.69,100
2026-03-27 09:30:07.770,20260327,93007770,000009.SZ,1126355,1,0,8.42,500
2026-03-27 09:30:07.900,20260327,93007900,000009.SZ,1129068,1,0,8.7,3000
2026-03-27 09:30:08.010,20260327,93008010,000009.SZ,1131707,1,0,8.83,100
2026-03-27 09:30:08.270,20260327,93008270,000009.SZ,1136367,1,0,8.85,600
2026-03-27 09:30:08.320,20260327,93008320,000009.SZ,1137219,2,0,8.72,1000
2026-03-27 09:30:08.480,20260327,93008480,000009.SZ,1140362,1,0,8.98,600
2026-03-27 09:30:08.500,20260327,93008500,000009.SZ,1140585,1,0,8.85,600
2026-03-27 09:30:08.500,20260327,93008500,000009.SZ,1140599,2,0,8.82,100
2026-03-27 09:30:08.620,20260327,93008620,000009.SZ,1142153,1,0,8.79,2900
2026-03-27 09:30:08.680,20260327,93008680,000009.SZ,1142892,1,0,8.98,6000
2026-03-27 09:30:08.710,20260327,93008710,000009.SZ,1143371,1,0,8.83,100
2026-03-27 09:30:08.860,20260327,93008860,000009.SZ,1145620,1,0,8.93,600
2026-03-27 09:30:09.040,20260327,93009040,000009.SZ,1148973,1,0,8.86,1800
2026-03-27 09:30:09.040,20260327,93009040,000009.SZ,1149000,1,0,8.86,400
2026-03-27 09:30:09.070,20260327,93009070,000009.SZ,1149607,1,0,8.8,100
2026-03-27 09:30:09.270,20260327,93009270,000009.SZ,1153379,1,0,8.88,300
2026-03-27 09:30:09.300,20260327,93009300,000009.SZ,1153994,2,0,8.78,2500
2026-03-27 09:30:09.420,20260327,93009420,000009.SZ,1160828,2,0,9.36,1900
2026-03-27 09:30:09.430,20260327,93009430,000009.SZ,1161210,1,0,8.79,700
2026-03-27 09:30:09.430,20260327,93009430,000009.SZ,1161230,1,0,8.78,1700
2026-03-27 09:30:09.430,20260327,93009430,000009.SZ,1161237,1,0,8.78,800
2026-03-27 09:30:09.430,20260327,93009430,000009.SZ,1161242,1,0,8.83,100
2026-03-27 09:30:09.430,20260327,93009430,000009.SZ,1161244,1,0,8.79,200
2026-03-27 09:30:09.430,20260327,93009430,000009.SZ,1161252,1,0,8.78,1700
2026-03-27 09:30:09.430,20260327,93009430,000009.SZ,1161323,1,0,8.79,100
2026-03-27 09:30:09.430,20260327,93009430,000009.SZ,1161325,1,0,8.79,100
2026-03-27 09:30:09.430,20260327,93009430,000009.SZ,1161326,1,0,8.79,100
2026-03-27 09:30:09.430,20260327,93009430,000009.SZ,1161327,1,0,8.79,100
2026-03-27 09:30:09.440,20260327,93009440,000009.SZ,1161408,1,0,8.79,700
2026-03-27 09:30:09.440,20260327,93009440,000009.SZ,1161409,1,0,8.79,400
2026-03-27 09:30:09.440,20260327,93009440,000009.SZ,1161421,1,0,8.78,300
2026-03-27 09:30:09.470,20260327,93009470,000009.SZ,1162244,1,0,8.78,300
2026-03-27 09:30:09.490,20260327,93009490,000009.SZ,1162943,1,0,8.84,7500
2026-03-27 09:30:09.540,20260327,93009540,000009.SZ,1164336,1,0,8.84,1200
2026-03-27 09:30:09.590,20260327,93009590,000009.SZ,1165816,1,0,8.78,300
2026-03-27 09:30:09.620,20260327,93009620,000009.SZ,1166982,1,0,8.7,2700
2026-03-27 09:30:09.650,20260327,93009650,000009.SZ,1168069,1,0,8.8,100
2026-03-27 09:30:09.680,20260327,93009680,000009.SZ,1168968,1,0,8.76,4000
2026-03-27 09:30:09.720,20260327,93009720,000009.SZ,1169875,1,0,8.89,2900
2026-03-27 09:30:09.740,20260327,93009740,000009.SZ,1170415,1,0,8.85,900
2026-03-27 09:30:09.810,20260327,93009810,000009.SZ,1172090,1,0,8.79,1700
2026-03-27 09:30:09.830,20260327,93009830,000009.SZ,1172339,2,0,8.82,2300
2026-03-27 09:30:09.850,20260327,93009850,000009.SZ,1172679,2,0,8.82,1800
2026-03-27 09:30:09.850,20260327,93009850,000009.SZ,1172823,1,0,8.79,2900
2026-03-27 09:30:09.890,20260327,93009890,000009.SZ,1173293,2,0,8.82,1800
2026-03-27 09:30:09.900,20260327,93009900,000009.SZ,1173396,2,0,8.82,1800
2026-03-27 09:30:09.990,20260327,93009990,000009.SZ,1174700,2,0,8.82,1800
2026-03-27 09:30:10.050,20260327,93010050,000009.SZ,1175576,1,0,8.96,200
2026-03-27 09:30:10.050,20260327,93010050,000009.SZ,1175614,1,0,8.83,900
2026-03-27 09:30:10.160,20260327,93010160,000009.SZ,1177633,1,0,8.98,1200
2026-03-27 09:30:10.200,20260327,93010200,000009.SZ,1178742,1,0,8.96,600
2026-03-27 09:30:10.200,20260327,93010200,000009.SZ,1178811,1,0,8.96,600
2026-03-27 09:30:10.220,20260327,93010220,000009.SZ,1179295,1,0,8.79,100
2026-03-27 09:30:10.220,20260327,93010220,000009.SZ,1179307,1,0,8.96,600
2026-03-27 09:30:10.220,20260327,93010220,000009.SZ,1179331,1,0,8.79,100
2026-03-27 09:30:10.270,20260327,93010270,000009.SZ,1180864,1,0,8.96,200
