timestamp,date,stamp,code,order_no,bs_flag,order_type,order_price,order_volume
2026-03-20 09:15:00.030,20260320,91500030,000009.SZ,1101,2,0,9.23,700
2026-03-20 09:15:00.040,20260320,91500040,000009.SZ,1872,2,0,9.8,3000
2026-03-20 09:15:00.040,20260320,91500040,000009.SZ,3281,1,0,8.8,600
2026-03-20 09:15:00.040,20260320,91500040,000009.SZ,3282,1,0,8.52,600
2026-03-20 09:15:00.040,20260320,91500040,000009.SZ,3312,1,0,8.2,700
2026-03-20 09:15:00.040,20260320,91500040,000009.SZ,3623,2,0,9.81,1000
2026-03-20 09:15:00.040,20260320,91500040,000009.SZ,4068,2,0,9.12,2100
2026-03-20 09:15:00.050,20260320,91500050,000009.SZ,5903,2,0,9.2,2400
2026-03-20 09:15:00.050,20260320,91500050,000009.SZ,5907,2,0,9.35,1200
2026-03-20 09:15:00.050,20260320,91500050,000009.SZ,6144,2,0,9.05,500
2026-03-20 09:15:00.050,20260320,91500050,000009.SZ,6851,2,0,9.15,3000
2026-03-20 09:15:00.050,20260320,91500050,000009.SZ,7540,2,0,9.12,300
2026-03-20 09:15:00.050,20260320,91500050,000009.SZ,7847,2,0,9.59,1000
2026-03-20 09:15:00.050,20260320,91500050,000009.SZ,8255,2,0,9.7,100
2026-03-20 09:15:00.060,20260320,91500060,000009.SZ,9023,2,0,9.33,2000
2026-03-20 09:15:00.060,20260320,91500060,000009.SZ,9681,2,0,9.8,22000
2026-03-20 09:15:00.060,20260320,91500060,000009.SZ,9712,1,0,8.66,3000
2026-03-20 09:15:00.060,20260320,91500060,000009.SZ,10806,1,0,8.3,100
2026-03-20 09:15:00.060,20260320,91500060,000009.SZ,11145,2,0,9.81,600
2026-03-20 09:15:00.060,20260320,91500060,000009.SZ,11506,2,0,9.8,1000
2026-03-20 09:15:00.060,20260320,91500060,000009.SZ,11507,2,0,9.6,1000
2026-03-20 09:15:00.060,20260320,91500060,000009.SZ,11508,2,0,9.73,1000
2026-03-20 09:15:00.060,20260320,91500060,000009.SZ,11619,1,0,8.75,500
2026-03-20 09:15:00.060,20260320,91500060,000009.SZ,11636,2,0,9.13,800
2026-03-20 09:15:00.060,20260320,91500060,000009.SZ,11663,2,0,9.05,400
2026-03-20 09:15:00.060,20260320,91500060,000009.SZ,11798,2,0,9.19,1500
2026-03-20 09:15:00.060,20260320,91500060,000009.SZ,11801,2,0,9.22,3000
2026-03-20 09:15:00.060,20260320,91500060,000009.SZ,12194,2,0,9.56,600
2026-03-20 09:15:00.060,20260320,91500060,000009.SZ,12214,1,0,8.82,100
2026-03-20 09:15:00.060,20260320,91500060,000009.SZ,12381,2,0,9.18,7500
2026-03-20 09:15:00.060,20260320,91500060,000009.SZ,12766,2,0,9.34,1000
2026-03-20 09:15:00.070,20260320,91500070,000009.SZ,12878,1,0,8.66,800
2026-03-20 09:15:00.070,20260320,91500070,000009.SZ,13492,2,0,9.23,500
2026-03-20 09:15:00.070,20260320,91500070,000009.SZ,14149,2,0,9.8,1900
2026-03-20 09:15:00.070,20260320,91500070,000009.SZ,14628,2,0,9.81,100
2026-03-20 09:15:00.070,20260320,91500070,000009.SZ,14631,2,0,9.75,100
2026-03-20 09:15:00.070,20260320,91500070,000009.SZ,14776,2,0,9.68,100
2026-03-20 09:15:00.070,20260320,91500070,000009.SZ,14801,1,0,8.78,700
2026-03-20 09:15:00.070,20260320,91500070,000009.SZ,14850,2,0,9.5,10000
2026-03-20 09:15:00.070,20260320,91500070,000009.SZ,16294,2,0,9.02,2100
2026-03-20 09:15:00.080,20260320,91500080,000009.SZ,18451,2,0,9.75,2000
2026-03-20 09:15:00.080,20260320,91500080,000009.SZ,18452,1,0,8.81,2000
2026-03-20 09:15:00.090,20260320,91500090,000009.SZ,19233,1,0,8.18,300
2026-03-20 09:15:00.090,20260320,91500090,000009.SZ,19846,1,0,8.81,2300
2026-03-20 09:15:00.090,20260320,91500090,000009.SZ,20878,1,0,8.82,500
2026-03-20 09:15:00.090,20260320,91500090,000009.SZ,20886,1,0,8.03,2000
2026-03-20 09:15:00.090,20260320,91500090,000009.SZ,21011,2,0,9.81,200
2026-03-20 09:15:00.090,20260320,91500090,000009.SZ,21057,2,0,9.39,500
2026-03-20 09:15:00.090,20260320,91500090,000009.SZ,21093,2,0,9.56,500
2026-03-20 09:15:00.090,20260320,91500090,000009.SZ,21180,2,0,9.06,2000
2026-03-20 09:15:00.100,20260320,91500100,000009.SZ,22325,2,0,9.81,3500
2026-03-20 09:15:00.100,20260320,91500100,000009.SZ,22657,2,0,9.81,5000
2026-03-20 09:15:00.100,20260320,91500100,000009.SZ,22932,2,0,9.8,400
2026-03-20 09:15:00.100,20260320,91500100,000009.SZ,23158,2,0,9.14,200
2026-03-20 09:15:00.100,20260320,91500100,000009.SZ,23252,2,0,9.3,5000
2026-03-20 09:15:00.100,20260320,91500100,000009.SZ,24359,2,0,9.69,65000
2026-03-20 09:15:00.100,20260320,91500100,000009.SZ,24361,1,0,8.8,2000
2026-03-20 09:15:00.100,20260320,91500100,000009.SZ,24399,1,0,8.81,12000
2026-03-20 09:15:00.100,20260320,91500100,000009.SZ,24400,2,0,9.8,10000
2026-03-20 09:15:00.100,20260320,91500100,000009.SZ,24401,2,0,9.8,10000
2026-03-20 09:15:00.100,20260320,91500100,000009.SZ,24458,1,0,8.04,2000
2026-03-20 09:15:00.100,20260320,91500100,000009.SZ,24523,2,0,9.81,5000
2026-03-20 09:15:00.100,20260320,91500100,000009.SZ,24567,2,0,9.3,30000
2026-03-20 09:15:00.100,20260320,91500100,000009.SZ,24888,2,0,9.25,10000
2026-03-20 09:15:00.100,20260320,91500100,000009.SZ,24890,2,0,9.2,10000
2026-03-20 09:15:00.100,20260320,91500100,000009.SZ,25051,1,0,8.41,500
2026-03-20 09:15:00.110,20260320,91500110,000009.SZ,25245,2,0,8.92,300
2026-03-20 09:15:00.110,20260320,91500110,000009.SZ,25508,2,0,9.69,10000
2026-03-20 09:15:00.110,20260320,91500110,000009.SZ,25509,2,0,9.8,10000
2026-03-20 09:15:00.110,20260320,91500110,000009.SZ,25513,1,0,8.81,8000
2026-03-20 09:15:00.110,20260320,91500110,000009.SZ,25514,2,0,9.69,10000
2026-03-20 09:15:00.110,20260320,91500110,000009.SZ,25515,2,0,9.81,10000
2026-03-20 09:15:00.110,20260320,91500110,000009.SZ,26232,2,0,9.8,5000
2026-03-20 09:15:00.110,20260320,91500110,000009.SZ,28226,2,0,9.21,500
2026-03-20 09:15:00.110,20260320,91500110,000009.SZ,28388,1,0,8.21,1000
2026-03-20 09:15:00.110,20260320,91500110,000009.SZ,28399,2,0,9.8,1500
2026-03-20 09:15:00.120,20260320,91500120,000009.SZ,28755,1,0,8.61,400
2026-03-20 09:15:00.120,20260320,91500120,000009.SZ,28756,1,0,8.22,800
2026-03-20 09:15:00.120,20260320,91500120,000009.SZ,29139,2,0,8.92,2300
2026-03-20 09:15:00.120,20260320,91500120,000009.SZ,30159,2,0,9.57,300
2026-03-20 09:15:00.120,20260320,91500120,000009.SZ,30624,2,0,9.8,600
2026-03-20 09:15:00.120,20260320,91500120,000009.SZ,30976,2,0,9.81,1100
2026-03-20 09:15:00.120,20260320,91500120,000009.SZ,30977,2,0,9.8,1100
2026-03-20 09:15:00.120,20260320,91500120,000009.SZ,31061,1,0,8.58,1000
2026-03-20 09:15:00.120,20260320,91500120,000009.SZ,31640,2,0,9.12,5100
2026-03-20 09:15:00.130,20260320,91500130,000009.SZ,32306,2,0,9.2,6000
2026-03-20 09:15:00.130,20260320,91500130,000009.SZ,33118,1,0,8.81,6000
2026-03-20 09:15:00.130,20260320,91500130,000009.SZ,33119,1,0,8.71,500
2026-03-20 09:15:00.130,20260320,91500130,000009.SZ,33120,2,0,9.8,10000
2026-03-20 09:15:00.130,20260320,91500130,000009.SZ,34677,2,0,9.48,600
2026-03-20 09:15:00.130,20260320,91500130,000009.SZ,34799,2,0,9.22,400
2026-03-20 09:15:00.140,20260320,91500140,000009.SZ,36057,2,0,9.81,5000
2026-03-20 09:15:00.140,20260320,91500140,000009.SZ,36420,2,0,9.81,1400
2026-03-20 09:15:00.140,20260320,91500140,000009.SZ,37161,2,0,9.59,1200
2026-03-20 09:15:00.140,20260320,91500140,000009.SZ,37695,2,0,9.8,600
2026-03-20 09:15:00.140,20260320,91500140,000009.SZ,37832,1,0,8.8,5000
2026-03-20 09:15:00.140,20260320,91500140,000009.SZ,37834,1,0,8.81,5000
2026-03-20 09:15:00.140,20260320,91500140,000009.SZ,38551,2,0,9.75,1700
2026-03-20 09:15:00.140,20260320,91500140,000009.SZ,38576,2,0,9.07,200
2026-03-20 09:15:00.140,20260320,91500140,000009.SZ,38577,2,0,9.22,200
2026-03-20 09:15:00.140,20260320,91500140,000009.SZ,38579,2,0,9.37,200
2026-03-20 09:15:00.140,20260320,91500140,000009.SZ,38580,2,0,9.52,200
2026-03-20 09:15:00.140,20260320,91500140,000009.SZ,38581,2,0,9.67,200
2026-03-20 09:15:00.140,20260320,91500140,000009.SZ,38582,2,0,9.81,200
2026-03-20 09:15:00.150,20260320,91500150,000009.SZ,39122,2,0,9.81,600
2026-03-20 09:15:00.150,20260320,91500150,000009.SZ,40298,2,0,9.78,500
2026-03-20 09:15:00.150,20260320,91500150,000009.SZ,40394,1,0,8.8,1000
2026-03-20 09:15:00.150,20260320,91500150,000009.SZ,40910,2,0,9.81,500
2026-03-20 09:15:00.150,20260320,91500150,000009.SZ,41045,1,0,8.78,200
2026-03-20 09:15:00.150,20260320,91500150,000009.SZ,41708,2,0,9.81,1000
2026-03-20 09:15:00.160,20260320,91500160,000009.SZ,42403,2,0,9.8,100
2026-03-20 09:15:00.160,20260320,91500160,000009.SZ,42404,2,0,9.7,100
2026-03-20 09:15:00.160,20260320,91500160,000009.SZ,42464,1,0,8.52,600
2026-03-20 09:15:00.160,20260320,91500160,000009.SZ,42465,1,0,8.2,600
2026-03-20 09:15:00.160,20260320,91500160,000009.SZ,42572,2,0,9.8,300
2026-03-20 09:15:00.160,20260320,91500160,000009.SZ,43106,1,0,8.89,10000
2026-03-20 09:15:00.160,20260320,91500160,000009.SZ,43107,1,0,8.81,6000
2026-03-20 09:15:00.160,20260320,91500160,000009.SZ,43108,1,0,8.89,8000
2026-03-20 09:15:00.160,20260320,91500160,000009.SZ,43913,2,0,9.5,200
2026-03-20 09:15:00.170,20260320,91500170,000009.SZ,44146,1,0,8.89,8000
2026-03-20 09:15:00.170,20260320,91500170,000009.SZ,44148,1,0,8.81,10000
2026-03-20 09:15:00.170,20260320,91500170,000009.SZ,44569,1,0,8.9,100
2026-03-20 09:15:00.170,20260320,91500170,000009.SZ,45342,1,0,8.7,400
2026-03-20 09:15:00.170,20260320,91500170,000009.SZ,45433,2,0,9.6,700
2026-03-20 09:15:00.170,20260320,91500170,000009.SZ,45911,1,0,8.93,2000
2026-03-20 09:15:00.170,20260320,91500170,000009.SZ,46342,2,0,9.75,200
2026-03-20 09:15:00.180,20260320,91500180,000009.SZ,46711,2,0,9.81,7000
2026-03-20 09:15:00.180,20260320,91500180,000009.SZ,47318,1,0,8.8,500
2026-03-20 09:15:00.180,20260320,91500180,000009.SZ,48392,2,0,9.55,600
2026-03-20 09:15:00.180,20260320,91500180,000009.SZ,48845,1,0,8.8,600
2026-03-20 09:15:00.180,20260320,91500180,000009.SZ,48874,2,0,8.99,10000
2026-03-20 09:15:00.190,20260320,91500190,000009.SZ,50701,2,0,9.25,200
2026-03-20 09:15:00.200,20260320,91500200,000009.SZ,51177,2,0,9.63,400
2026-03-20 09:15:00.200,20260320,91500200,000009.SZ,51286,2,0,9.19,38600
2026-03-20 09:15:00.200,20260320,91500200,000009.SZ,51289,2,0,9.29,38600
2026-03-20 09:15:00.200,20260320,91500200,000009.SZ,52672,2,0,9.32,500
2026-03-20 09:15:00.210,20260320,91500210,000009.SZ,53041,1,0,8.7,200
2026-03-20 09:15:00.210,20260320,91500210,000009.SZ,53249,1,0,8.75,200
2026-03-20 09:15:00.210,20260320,91500210,000009.SZ,53631,1,0,8.7,200
2026-03-20 09:15:00.210,20260320,91500210,000009.SZ,54406,1,0,8.8,3000
2026-03-20 09:15:00.220,20260320,91500220,000009.SZ,55724,2,0,9.2,300
2026-03-20 09:15:00.230,20260320,91500230,000009.SZ,56520,2,0,9.14,1200
2026-03-20 09:15:00.230,20260320,91500230,000009.SZ,56558,1,0,8.03,4000
2026-03-20 09:15:00.230,20260320,91500230,000009.SZ,57408,2,0,9.31,500
2026-03-20 09:15:00.230,20260320,91500230,000009.SZ,57701,1,0,8.8,2000
2026-03-20 09:15:00.230,20260320,91500230,000009.SZ,58051,2,0,9.78,1000
2026-03-20 09:15:00.230,20260320,91500230,000009.SZ,58053,2,0,9.36,500
2026-03-20 09:15:00.240,20260320,91500240,000009.SZ,58497,1,0,8.2,3000
2026-03-20 09:15:00.240,20260320,91500240,000009.SZ,59495,2,0,9.1,1200
2026-03-20 09:15:00.240,20260320,91500240,000009.SZ,59718,2,0,9.5,1000
2026-03-20 09:15:00.240,20260320,91500240,000009.SZ,59724,2,0,9.37,2000
2026-03-20 09:15:00.250,20260320,91500250,000009.SZ,60823,2,0,9.1,40000
2026-03-20 09:15:00.250,20260320,91500250,000009.SZ,60825,1,0,8.65,20000
2026-03-20 09:15:00.250,20260320,91500250,000009.SZ,60977,2,0,9.3,500
2026-03-20 09:15:00.250,20260320,91500250,000009.SZ,61418,2,0,9.78,4200
2026-03-20 09:15:00.260,20260320,91500260,000009.SZ,63274,2,0,9.5,31000
2026-03-20 09:15:00.270,20260320,91500270,000009.SZ,63503,1,0,8.66,1300
2026-03-20 09:15:00.270,20260320,91500270,000009.SZ,63574,2,0,9.1,1000
2026-03-20 09:15:00.270,20260320,91500270,000009.SZ,64580,1,0,8.8,600
2026-03-20 09:15:00.280,20260320,91500280,000009.SZ,65165,1,0,8.85,1000
2026-03-20 09:15:00.280,20260320,91500280,000009.SZ,65738,1,0,8.81,100
2026-03-20 09:15:00.280,20260320,91500280,000009.SZ,65799,2,0,9.05,200
2026-03-20 09:15:00.280,20260320,91500280,000009.SZ,65925,1,0,8.69,1200
2026-03-20 09:15:00.290,20260320,91500290,000009.SZ,66222,1,0,8.2,400
2026-03-20 09:15:00.290,20260320,91500290,000009.SZ,66300,2,0,9.46,300
2026-03-20 09:15:00.290,20260320,91500290,000009.SZ,66852,2,0,9.09,2200
2026-03-20 09:15:00.300,20260320,91500300,000009.SZ,67230,2,0,9.45,1000
2026-03-20 09:15:00.300,20260320,91500300,000009.SZ,67231,2,0,9.81,1000
2026-03-20 09:15:00.300,20260320,91500300,000009.SZ,68124,2,0,9.62,500
2026-03-20 09:15:00.310,20260320,91500310,000009.SZ,68378,2,0,9.81,2600
2026-03-20 09:15:00.310,20260320,91500310,000009.SZ,68574,2,0,9.45,100
2026-03-20 09:15:00.320,20260320,91500320,000009.SZ,69811,2,0,9.25,900
2026-03-20 09:15:00.320,20260320,91500320,000009.SZ,70139,2,0,9.68,1500
2026-03-20 09:15:00.330,20260320,91500330,000009.SZ,71352,1,0,8.8,600
2026-03-20 09:15:00.330,20260320,91500330,000009.SZ,71353,1,0,8.52,600
2026-03-20 09:15:00.340,20260320,91500340,000009.SZ,72033,1,0,8.8,600
2026-03-20 09:15:00.340,20260320,91500340,000009.SZ,72034,1,0,8.52,600
2026-03-20 09:15:00.340,20260320,91500340,000009.SZ,72640,2,0,9.08,3800
2026-03-20 09:15:00.350,20260320,91500350,000009.SZ,72763,1,0,8.89,300
2026-03-20 09:15:00.350,20260320,91500350,000009.SZ,73028,2,0,9.5,500
2026-03-20 09:15:00.350,20260320,91500350,000009.SZ,73295,2,0,9.81,700
2026-03-20 09:15:00.370,20260320,91500370,000009.SZ,74690,1,0,8.03,100
2026-03-20 09:15:00.380,20260320,91500380,000009.SZ,75978,2,0,9.5,2100
2026-03-20 09:15:00.380,20260320,91500380,000009.SZ,76211,1,0,8.78,3100
2026-03-20 09:15:00.390,20260320,91500390,000009.SZ,76571,2,0,9.55,300
2026-03-20 09:15:00.390,20260320,91500390,000009.SZ,76651,2,0,9.65,400
2026-03-20 09:15:00.390,20260320,91500390,000009.SZ,77084,2,0,9.54,300
2026-03-20 09:15:00.390,20260320,91500390,000009.SZ,77132,2,0,9.81,500
2026-03-20 09:15:00.390,20260320,91500390,000009.SZ,77152,2,0,9.81,1000
2026-03-20 09:15:00.400,20260320,91500400,000009.SZ,78209,2,0,9.8,700
2026-03-20 09:15:00.400,20260320,91500400,000009.SZ,78682,2,0,9.78,600
2026-03-20 09:15:00.410,20260320,91500410,000009.SZ,79552,2,0,9.8,2000
2026-03-20 09:15:00.410,20260320,91500410,000009.SZ,79723,2,0,9.18,1000
2026-03-20 09:15:00.410,20260320,91500410,000009.SZ,79724,2,0,9.28,1000
2026-03-20 09:15:00.410,20260320,91500410,000009.SZ,79725,2,0,9.38,2000
2026-03-20 09:15:00.410,20260320,91500410,000009.SZ,79727,2,0,9.53,3000
2026-03-20 09:15:00.420,20260320,91500420,000009.SZ,80646,2,0,9.2,100
2026-03-20 09:15:00.430,20260320,91500430,000009.SZ,81516,2,0,9.8,1100
2026-03-20 09:15:00.450,20260320,91500450,000009.SZ,82605,2,0,9.18,2000
2026-03-20 09:15:00.450,20260320,91500450,000009.SZ,82632,2,0,9.32,21600
2026-03-20 09:15:00.450,20260320,91500450,000009.SZ,83314,1,0,8.56,400
2026-03-20 09:15:00.450,20260320,91500450,000009.SZ,83319,1,0,8.36,500
2026-03-20 09:15:00.450,20260320,91500450,000009.SZ,83404,2,0,9.81,91700
2026-03-20 09:15:00.460,20260320,91500460,000009.SZ,83495,2,0,9.6,300
2026-03-20 09:15:00.460,20260320,91500460,000009.SZ,84136,1,0,8.81,1000
2026-03-20 09:15:00.460,20260320,91500460,000009.SZ,84151,2,0,9.1,1000
2026-03-20 09:15:00.470,20260320,91500470,000009.SZ,84453,2,0,9.18,800
2026-03-20 09:15:00.480,20260320,91500480,000009.SZ,84807,2,0,9.81,300
2026-03-20 09:15:00.480,20260320,91500480,000009.SZ,85132,1,0,8.8,700
2026-03-20 09:15:00.490,20260320,91500490,000009.SZ,85819,2,0,8.99,500
2026-03-20 09:15:00.490,20260320,91500490,000009.SZ,85820,2,0,9.1,500
2026-03-20 09:15:00.490,20260320,91500490,000009.SZ,86277,2,0,8.92,300
2026-03-20 09:15:00.500,20260320,91500500,000009.SZ,86490,1,0,8.81,2000
2026-03-20 09:15:00.500,20260320,91500500,000009.SZ,86511,1,0,8.54,500
2026-03-20 09:15:00.510,20260320,91500510,000009.SZ,87121,2,0,9.1,1000
2026-03-20 09:15:00.510,20260320,91500510,000009.SZ,87159,2,0,9.3,300
2026-03-20 09:15:00.510,20260320,91500510,000009.SZ,87177,2,0,9.8,500
2026-03-20 09:15:00.510,20260320,91500510,000009.SZ,87197,2,0,9.5,300
2026-03-20 09:15:00.530,20260320,91500530,000009.SZ,88591,1,0,8.6,100
2026-03-20 09:15:00.530,20260320,91500530,000009.SZ,88592,1,0,8.7,100
2026-03-20 09:15:00.540,20260320,91500540,000009.SZ,89129,1,0,8.8,1700
2026-03-20 09:15:00.540,20260320,91500540,000009.SZ,89368,1,0,8.7,1000
2026-03-20 09:15:00.540,20260320,91500540,000009.SZ,89596,2,0,9.8,500
2026-03-20 09:15:00.550,20260320,91500550,000009.SZ,89856,2,0,9.75,1500
2026-03-20 09:15:00.560,20260320,91500560,000009.SZ,90493,1,0,8.8,300
2026-03-20 09:15:00.560,20260320,91500560,000009.SZ,90693,1,0,8.25,100
2026-03-20 09:15:00.560,20260320,91500560,000009.SZ,91044,1,0,9.08,7100
2026-03-20 09:15:00.580,20260320,91500580,000009.SZ,92280,2,0,9.81,800
2026-03-20 09:15:00.580,20260320,91500580,000009.SZ,92322,2,0,9.37,800
2026-03-20 09:15:00.590,20260320,91500590,000009.SZ,92793,2,0,9.42,1500
2026-03-20 09:15:00.590,20260320,91500590,000009.SZ,92794,2,0,9.22,1500
2026-03-20 09:15:00.590,20260320,91500590,000009.SZ,92795,2,0,9.42,1500
2026-03-20 09:15:00.590,20260320,91500590,000009.SZ,93176,1,0,8.81,1000
2026-03-20 09:15:00.600,20260320,91500600,000009.SZ,93807,2,0,9.81,4000
2026-03-20 09:15:00.610,20260320,91500610,000009.SZ,94407,2,0,9.33,40000
2026-03-20 09:15:00.610,20260320,91500610,000009.SZ,94408,2,0,9.43,80000
2026-03-20 09:15:00.610,20260320,91500610,000009.SZ,94511,2,0,9.15,1000
2026-03-20 09:15:00.610,20260320,91500610,000009.SZ,94680,1,0,8.36,400
2026-03-20 09:15:00.620,20260320,91500620,000009.SZ,94983,2,0,9.79,4000
2026-03-20 09:15:00.620,20260320,91500620,000009.SZ,95524,1,0,8.68,400
2026-03-20 09:15:00.630,20260320,91500630,000009.SZ,96464,1,0,8.5,400
2026-03-20 09:15:00.640,20260320,91500640,000009.SZ,97227,1,0,8.79,2000
2026-03-20 09:15:00.650,20260320,91500650,000009.SZ,97920,2,0,9.5,200
2026-03-20 09:15:00.650,20260320,91500650,000009.SZ,98496,2,0,9.8,100
2026-03-20 09:15:00.670,20260320,91500670,000009.SZ,99460,2,0,9.81,1000
2026-03-20 09:15:00.670,20260320,91500670,000009.SZ,99591,1,0,8.73,400
2026-03-20 09:15:00.680,20260320,91500680,000009.SZ,100425,2,0,9.2,1600
2026-03-20 09:15:00.680,20260320,91500680,000009.SZ,100645,2,0,9.81,100
2026-03-20 09:15:00.720,20260320,91500720,000009.SZ,102720,2,0,9.15,900
2026-03-20 09:15:00.720,20260320,91500720,000009.SZ,103088,1,0,8.57,2000
2026-03-20 09:15:00.720,20260320,91500720,000009.SZ,103092,2,0,9.33,3000
2026-03-20 09:15:00.720,20260320,91500720,000009.SZ,103240,2,0,9.81,10000
2026-03-20 09:15:00.740,20260320,91500740,000009.SZ,104141,2,0,9.1,5000
2026-03-20 09:15:00.750,20260320,91500750,000009.SZ,104814,1,0,8.03,500
2026-03-20 09:15:00.750,20260320,91500750,000009.SZ,104849,1,0,8.6,500
2026-03-20 09:15:00.770,20260320,91500770,000009.SZ,106448,2,0,9.33,1300
2026-03-20 09:15:00.770,20260320,91500770,000009.SZ,106588,2,0,9.23,500
2026-03-20 09:15:00.780,20260320,91500780,000009.SZ,107022,2,0,9.8,100
2026-03-20 09:15:00.780,20260320,91500780,000009.SZ,107398,1,0,8.91,400
2026-03-20 09:15:00.790,20260320,91500790,000009.SZ,107804,1,0,8.8,1000
2026-03-20 09:15:00.790,20260320,91500790,000009.SZ,107986,2,0,9.81,210800
2026-03-20 09:15:00.790,20260320,91500790,000009.SZ,108276,1,0,8.6,1000
2026-03-20 09:15:00.800,20260320,91500800,000009.SZ,109010,2,0,9.7,200
2026-03-20 09:15:00.830,20260320,91500830,000009.SZ,110601,2,0,9.81,8000
2026-03-20 09:15:00.840,20260320,91500840,000009.SZ,111378,2,0,9.3,1500
2026-03-20 09:15:00.840,20260320,91500840,000009.SZ,111458,2,0,9.25,1000
2026-03-20 09:15:00.860,20260320,91500860,000009.SZ,112646,2,0,9.35,1000
2026-03-20 09:15:00.860,20260320,91500860,000009.SZ,112771,2,0,9.81,16900
2026-03-20 09:15:00.880,20260320,91500880,000009.SZ,114121,2,0,9.29,500
2026-03-20 09:15:00.880,20260320,91500880,000009.SZ,114169,1,0,8.81,500
2026-03-20 09:15:00.880,20260320,91500880,000009.SZ,114198,1,0,8.82,3400
2026-03-20 09:15:00.880,20260320,91500880,000009.SZ,114439,1,0,8.77,100
2026-03-20 09:15:00.880,20260320,91500880,000009.SZ,114440,2,0,9.6,100
2026-03-20 09:15:00.880,20260320,91500880,000009.SZ,114441,2,0,9.5,100
2026-03-20 09:15:00.880,20260320,91500880,000009.SZ,114442,2,0,9.34,100
2026-03-20 09:15:00.890,20260320,91500890,000009.SZ,114830,1,0,8.9,1000
2026-03-20 09:15:00.890,20260320,91500890,000009.SZ,115123,1,0,8.3,100
2026-03-20 09:15:00.900,20260320,91500900,000009.SZ,115630,1,0,8.82,500
2026-03-20 09:15:00.900,20260320,91500900,000009.SZ,115631,2,0,9.81,1000
2026-03-20 09:15:00.930,20260320,91500930,000009.SZ,117446,1,0,8.3,500
2026-03-20 09:15:00.950,20260320,91500950,000009.SZ,119044,1,0,8.7,900
2026-03-20 09:15:00.960,20260320,91500960,000009.SZ,119447,1,0,8.82,1200
2026-03-20 09:15:00.970,20260320,91500970,000009.SZ,120086,2,0,9.81,500
2026-03-20 09:15:00.990,20260320,91500990,000009.SZ,121358,2,0,9.8,500
2026-03-20 09:15:00.990,20260320,91500990,000009.SZ,121436,1,0,8.03,6200
2026-03-20 09:15:01.000,20260320,91501000,000009.SZ,121806,2,0,9.2,1600
2026-03-20 09:15:01.000,20260320,91501000,000009.SZ,122066,2,0,9.1,3400
2026-03-20 09:15:01.010,20260320,91501010,000009.SZ,122767,1,0,8.8,600
2026-03-20 09:15:01.020,20260320,91501020,000009.SZ,123236,1,0,8.1,100
2026-03-20 09:15:01.020,20260320,91501020,000009.SZ,123825,1,0,8.92,100
2026-03-20 09:15:01.030,20260320,91501030,000009.SZ,124068,2,0,9.08,5000
2026-03-20 09:15:01.030,20260320,91501030,000009.SZ,124070,2,0,9.18,5000
2026-03-20 09:15:01.030,20260320,91501030,000009.SZ,124071,2,0,9.28,5000
2026-03-20 09:15:01.030,20260320,91501030,000009.SZ,124072,2,0,9.38,5000
2026-03-20 09:15:01.030,20260320,91501030,000009.SZ,124073,2,0,9.48,10000
2026-03-20 09:15:01.030,20260320,91501030,000009.SZ,124074,2,0,9.58,10000
2026-03-20 09:15:01.030,20260320,91501030,000009.SZ,124075,2,0,9.68,10000
2026-03-20 09:15:01.030,20260320,91501030,000009.SZ,124076,2,0,9.78,10000
2026-03-20 09:15:01.030,20260320,91501030,000009.SZ,124142,2,0,9.23,30000
2026-03-20 09:15:01.040,20260320,91501040,000009.SZ,124901,2,0,9.3,3500
2026-03-20 09:15:01.040,20260320,91501040,000009.SZ,124902,2,0,9.66,1500
2026-03-20 09:15:01.050,20260320,91501050,000009.SZ,125038,1,0,8.61,2000
2026-03-20 09:15:01.120,20260320,91501120,000009.SZ,128557,1,0,8.8,500
2026-03-20 09:15:01.130,20260320,91501130,000009.SZ,129121,1,0,8.8,800
2026-03-20 09:15:01.150,20260320,91501150,000009.SZ,129870,2,0,9.25,1200
2026-03-20 09:15:01.150,20260320,91501150,000009.SZ,129987,2,0,9.6,1000
2026-03-20 09:15:01.170,20260320,91501170,000009.SZ,130697,2,0,9.81,10000
2026-03-20 09:15:01.180,20260320,91501180,000009.SZ,131263,2,0,9.4,600
2026-03-20 09:15:01.210,20260320,91501210,000009.SZ,132401,2,0,9.14,2000
2026-03-20 09:15:01.210,20260320,91501210,000009.SZ,132409,2,0,9.14,600
2026-03-20 09:15:01.210,20260320,91501210,000009.SZ,132736,1,0,8.89,6000
2026-03-20 09:15:01.220,20260320,91501220,000009.SZ,132931,2,0,9.12,400
2026-03-20 09:15:01.220,20260320,91501220,000009.SZ,133193,1,0,8.33,100
2026-03-20 09:15:01.240,20260320,91501240,000009.SZ,133952,1,0,8.6,200
2026-03-20 09:15:01.280,20260320,91501280,000009.SZ,136031,2,0,9.5,500
2026-03-20 09:15:01.320,20260320,91501320,000009.SZ,138856,2,0,9.13,100
2026-03-20 09:15:01.330,20260320,91501330,000009.SZ,139597,1,0,8.04,1000
2026-03-20 09:15:01.340,20260320,91501340,000009.SZ,139903,2,0,9.22,1000
2026-03-20 09:15:01.350,20260320,91501350,000009.SZ,140700,2,0,9.8,38900
2026-03-20 09:15:01.360,20260320,91501360,000009.SZ,141267,2,0,9.53,2000
2026-03-20 09:15:01.360,20260320,91501360,000009.SZ,141278,2,0,9.21,2400
2026-03-20 09:15:01.370,20260320,91501370,000009.SZ,141471,1,0,8.8,400
2026-03-20 09:15:01.380,20260320,91501380,000009.SZ,141966,2,0,9.14,6300
2026-03-20 09:15:01.380,20260320,91501380,000009.SZ,142116,2,0,9.37,1000
2026-03-20 09:15:01.380,20260320,91501380,000009.SZ,142169,2,0,9.66,1500
2026-03-20 09:15:01.390,20260320,91501390,000009.SZ,142343,2,0,9.77,600
2026-03-20 09:15:01.390,20260320,91501390,000009.SZ,142437,2,0,9.52,100
2026-03-20 09:15:01.390,20260320,91501390,000009.SZ,142440,2,0,9.62,200
2026-03-20 09:15:01.390,20260320,91501390,000009.SZ,142447,1,0,8.82,200
2026-03-20 09:15:01.410,20260320,91501410,000009.SZ,143661,2,0,9.8,200
2026-03-20 09:15:01.410,20260320,91501410,000009.SZ,143662,2,0,9.6,200
2026-03-20 09:15:01.450,20260320,91501450,000009.SZ,145432,1,0,8.06,1000
2026-03-20 09:15:01.450,20260320,91501450,000009.SZ,145433,1,0,8.26,800
2026-03-20 09:15:01.450,20260320,91501450,000009.SZ,145434,1,0,8.46,800
2026-03-20 09:15:01.450,20260320,91501450,000009.SZ,145632,2,0,9.8,600
2026-03-20 09:15:01.450,20260320,91501450,000009.SZ,145635,1,0,8.87,20000
2026-03-20 09:15:01.460,20260320,91501460,000009.SZ,146031,2,0,9.68,12600
2026-03-20 09:15:01.500,20260320,91501500,000009.SZ,147610,2,0,9.6,2000
2026-03-20 09:15:01.520,20260320,91501520,000009.SZ,148169,1,0,8.08,3000
2026-03-20 09:15:01.520,20260320,91501520,000009.SZ,148327,1,0,8.8,600
2026-03-20 09:15:01.520,20260320,91501520,000009.SZ,148328,1,0,8.52,600
2026-03-20 09:15:01.530,20260320,91501530,000009.SZ,148651,2,0,9.28,400
2026-03-20 09:15:01.540,20260320,91501540,000009.SZ,148841,2,0,9.2,2000
2026-03-20 09:15:01.540,20260320,91501540,000009.SZ,148842,2,0,9.12,1000
2026-03-20 09:15:01.550,20260320,91501550,000009.SZ,149368,1,0,8.1,2000
2026-03-20 09:15:01.580,20260320,91501580,000009.SZ,150342,2,0,9.81,800
2026-03-20 09:15:01.580,20260320,91501580,000009.SZ,150344,2,0,9.4,100
2026-03-20 09:15:01.590,20260320,91501590,000009.SZ,150585,2,0,9.49,100
2026-03-20 09:15:01.600,20260320,91501600,000009.SZ,150774,1,0,8.82,14000
2026-03-20 09:15:01.600,20260320,91501600,000009.SZ,150786,2,0,9.8,3000
2026-03-20 09:15:01.610,20260320,91501610,000009.SZ,151003,1,0,8.3,1000
2026-03-20 09:15:01.620,20260320,91501620,000009.SZ,151336,1,0,8.51,1500
2026-03-20 09:15:01.630,20260320,91501630,000009.SZ,151758,2,0,9.81,1900
2026-03-20 09:15:01.640,20260320,91501640,000009.SZ,152086,1,0,8.69,1200
2026-03-20 09:15:01.650,20260320,91501650,000009.SZ,152796,2,0,9.5,200
2026-03-20 09:15:01.660,20260320,91501660,000009.SZ,152987,2,0,9.81,200
2026-03-20 09:15:01.670,20260320,91501670,000009.SZ,153454,2,0,9.8,1000
2026-03-20 09:15:01.680,20260320,91501680,000009.SZ,153788,2,0,9.8,5700
2026-03-20 09:15:01.680,20260320,91501680,000009.SZ,153893,1,0,8.03,200
2026-03-20 09:15:01.680,20260320,91501680,000009.SZ,153896,1,0,8.58,200
2026-03-20 09:15:01.700,20260320,91501700,000009.SZ,154601,1,0,8.68,200
2026-03-20 09:15:01.720,20260320,91501720,000009.SZ,155175,2,0,9.01,100
2026-03-20 09:15:01.720,20260320,91501720,000009.SZ,155220,2,0,9.09,2000
2026-03-20 09:15:01.730,20260320,91501730,000009.SZ,155695,2,0,9.74,200
2026-03-20 09:15:01.770,20260320,91501770,000009.SZ,157483,1,0,8.87,1900
2026-03-20 09:15:01.770,20260320,91501770,000009.SZ,157558,2,0,9.55,100
2026-03-20 09:15:01.780,20260320,91501780,000009.SZ,158002,1,0,8.8,600
2026-03-20 09:15:01.780,20260320,91501780,000009.SZ,158003,1,0,8.52,600
2026-03-20 09:15:01.790,20260320,91501790,000009.SZ,158212,2,0,9.36,3500
2026-03-20 09:15:01.800,20260320,91501800,000009.SZ,159036,1,0,8.87,9000
2026-03-20 09:15:01.800,20260320,91501800,000009.SZ,159038,1,0,8.87,9000
2026-03-20 09:15:01.800,20260320,91501800,000009.SZ,159045,1,0,8.87,10700
2026-03-20 09:15:01.810,20260320,91501810,000009.SZ,159322,2,0,9.12,300
2026-03-20 09:15:01.810,20260320,91501810,000009.SZ,159323,1,0,8.77,400
2026-03-20 09:15:01.810,20260320,91501810,000009.SZ,159607,2,0,9.39,100
2026-03-20 09:15:01.810,20260320,91501810,000009.SZ,159635,2,0,9.38,10900
2026-03-20 09:15:01.830,20260320,91501830,000009.SZ,160495,2,0,9.3,1000
2026-03-20 09:15:01.900,20260320,91501900,000009.SZ,163462,2,0,9.09,2000
2026-03-20 09:15:01.900,20260320,91501900,000009.SZ,163716,2,0,9.81,59200
2026-03-20 09:15:01.910,20260320,91501910,000009.SZ,164219,2,0,9.6,900
2026-03-20 09:15:01.920,20260320,91501920,000009.SZ,164630,2,0,9.36,4000
2026-03-20 09:15:01.930,20260320,91501930,000009.SZ,164932,2,0,9.37,3000
2026-03-20 09:15:01.930,20260320,91501930,000009.SZ,164978,2,0,9.68,5500
2026-03-20 09:15:01.940,20260320,91501940,000009.SZ,165484,1,0,8.61,300
2026-03-20 09:15:01.950,20260320,91501950,000009.SZ,165903,2,0,9.68,3000
2026-03-20 09:15:01.960,20260320,91501960,000009.SZ,166097,1,0,8.89,6000
2026-03-20 09:15:01.960,20260320,91501960,000009.SZ,166098,1,0,8.81,6000
2026-03-20 09:15:01.960,20260320,91501960,000009.SZ,166099,2,0,9.69,10000
2026-03-20 09:15:01.960,20260320,91501960,000009.SZ,166100,2,0,9.81,2000
2026-03-20 09:15:02.000,20260320,91502000,000009.SZ,167480,2,0,9.81,3000
2026-03-20 09:15:02.010,20260320,91502010,000009.SZ,167677,2,0,9.1,2000
2026-03-20 09:15:02.010,20260320,91502010,000009.SZ,167680,2,0,9.18,2000
2026-03-20 09:15:02.060,20260320,91502060,000009.SZ,169542,2,0,9.81,200
2026-03-20 09:15:02.060,20260320,91502060,000009.SZ,169543,2,0,9.59,200
2026-03-20 09:15:02.060,20260320,91502060,000009.SZ,169544,2,0,9.43,300
2026-03-20 09:15:02.060,20260320,91502060,000009.SZ,169545,2,0,9.31,300
2026-03-20 09:15:02.070,20260320,91502070,000009.SZ,169932,2,0,9.32,5800
2026-03-20 09:15:02.070,20260320,91502070,000009.SZ,169934,2,0,9.66,5300
2026-03-20 09:15:02.090,20260320,91502090,000009.SZ,170724,1,0,8.2,600
2026-03-20 09:15:02.100,20260320,91502100,000009.SZ,170829,2,0,9.59,100
2026-03-20 09:15:02.100,20260320,91502100,000009.SZ,170883,2,0,9.8,2600
2026-03-20 09:15:02.100,20260320,91502100,000009.SZ,170941,2,0,9.81,100
2026-03-20 09:15:02.150,20260320,91502150,000009.SZ,172132,2,0,9.38,1500
2026-03-20 09:15:02.150,20260320,91502150,000009.SZ,172133,2,0,9.17,1500
2026-03-20 09:15:02.170,20260320,91502170,000009.SZ,172629,1,0,8.54,300
2026-03-20 09:15:02.170,20260320,91502170,000009.SZ,172630,2,0,9.42,300
2026-03-20 09:15:02.180,20260320,91502180,000009.SZ,172888,1,0,8.92,100
2026-03-20 09:15:02.200,20260320,91502200,000009.SZ,173526,2,0,9.66,2600
2026-03-20 09:15:02.220,20260320,91502220,000009.SZ,174124,2,0,9.78,1200
2026-03-20 09:15:02.280,20260320,91502280,000009.SZ,176179,2,0,9.1,1000
2026-03-20 09:15:02.280,20260320,91502280,000009.SZ,176327,2,0,9.72,800
2026-03-20 09:15:02.310,20260320,91502310,000009.SZ,177043,2,0,9.81,10000
2026-03-20 09:15:02.310,20260320,91502310,000009.SZ,177344,2,0,9.5,1000
2026-03-20 09:15:02.340,20260320,91502340,000009.SZ,178267,1,0,8.8,1000
2026-03-20 09:15:02.360,20260320,91502360,000009.SZ,179098,1,0,8.88,1000
2026-03-20 09:15:02.370,20260320,91502370,000009.SZ,179342,2,0,9.28,3200
2026-03-20 09:15:02.390,20260320,91502390,000009.SZ,179959,2,0,9.78,3800
2026-03-20 09:15:02.430,20260320,91502430,000009.SZ,180813,2,0,9.13,300
2026-03-20 09:15:02.690,20260320,91502690,000009.SZ,185613,2,0,9.8,1000
2026-03-20 09:15:02.710,20260320,91502710,000009.SZ,186110,1,0,8.71,400
2026-03-20 09:15:02.710,20260320,91502710,000009.SZ,186113,1,0,8.51,500
2026-03-20 09:15:02.710,20260320,91502710,000009.SZ,186115,1,0,8.31,600
2026-03-20 09:15:02.720,20260320,91502720,000009.SZ,186207,2,0,9.81,300
2026-03-20 09:15:02.740,20260320,91502740,000009.SZ,186720,2,0,9.15,500
2026-03-20 09:15:02.740,20260320,91502740,000009.SZ,186729,2,0,9.15,400
2026-03-20 09:15:02.750,20260320,91502750,000009.SZ,186969,2,0,9.5,1200
2026-03-20 09:15:02.750,20260320,91502750,000009.SZ,187077,2,0,9.17,1100
2026-03-20 09:15:02.760,20260320,91502760,000009.SZ,187272,1,0,8.82,1600
2026-03-20 09:15:02.770,20260320,91502770,000009.SZ,187519,2,0,9.22,500
2026-03-20 09:15:02.770,20260320,91502770,000009.SZ,187530,2,0,9.44,600
2026-03-20 09:15:02.770,20260320,91502770,000009.SZ,187540,2,0,9.77,1000
2026-03-20 09:15:02.770,20260320,91502770,000009.SZ,187547,1,0,8.71,400
2026-03-20 09:15:02.780,20260320,91502780,000009.SZ,187691,1,0,8.45,100
2026-03-20 09:15:02.820,20260320,91502820,000009.SZ,188636,2,0,9.81,2300
2026-03-20 09:15:02.850,20260320,91502850,000009.SZ,189762,2,0,9.15,400
2026-03-20 09:15:02.850,20260320,91502850,000009.SZ,189819,2,0,9.47,1500
2026-03-20 09:15:02.860,20260320,91502860,000009.SZ,189948,2,0,9.81,4000
2026-03-20 09:15:02.910,20260320,91502910,000009.SZ,191082,2,0,9.81,100
2026-03-20 09:15:02.910,20260320,91502910,000009.SZ,191089,1,0,8.41,100
2026-03-20 09:15:02.980,20260320,91502980,000009.SZ,192364,2,0,9.5,100
2026-03-20 09:15:02.980,20260320,91502980,000009.SZ,192533,2,0,9.14,3300
2026-03-20 09:15:03.020,20260320,91503020,000009.SZ,193225,2,0,9.81,600
2026-03-20 09:15:03.020,20260320,91503020,000009.SZ,193312,2,0,9.78,2400
2026-03-20 09:15:03.030,20260320,91503030,000009.SZ,193543,2,0,9.29,600
2026-03-20 09:15:03.050,20260320,91503050,000009.SZ,193930,1,0,8.86,300
2026-03-20 09:15:03.050,20260320,91503050,000009.SZ,193992,1,0,8.81,300
2026-03-20 09:15:03.070,20260320,91503070,000009.SZ,194386,1,0,8.8,14000
2026-03-20 09:15:03.170,20260320,91503170,000009.SZ,196141,1,0,8.8,400
2026-03-20 09:15:03.250,20260320,91503250,000009.SZ,197887,2,0,9.81,1000
2026-03-20 09:15:03.290,20260320,91503290,000009.SZ,198491,1,0,8.6,400
2026-03-20 09:15:03.320,20260320,91503320,000009.SZ,198775,2,0,9.05,4000
2026-03-20 09:15:03.320,20260320,91503320,000009.SZ,198794,2,0,9.25,2000
2026-03-20 09:15:03.380,20260320,91503380,000009.SZ,199973,1,0,8.88,100
2026-03-20 09:15:03.540,20260320,91503540,000009.SZ,201341,1,0,8.58,600
2026-03-20 09:15:03.680,20260320,91503680,000009.SZ,202574,2,0,9.0,1000
2026-03-20 09:15:03.700,20260320,91503700,000009.SZ,202770,1,0,8.5,4000
2026-03-20 09:15:03.700,20260320,91503700,000009.SZ,202893,1,0,8.78,100
2026-03-20 09:15:03.720,20260320,91503720,000009.SZ,203073,2,0,9.8,1000
2026-03-20 09:15:03.740,20260320,91503740,000009.SZ,203349,1,0,8.81,1500
2026-03-20 09:15:03.800,20260320,91503800,000009.SZ,204303,2,0,9.33,1100
2026-03-20 09:15:03.830,20260320,91503830,000009.SZ,204976,2,0,9.81,100
2026-03-20 09:15:03.870,20260320,91503870,000009.SZ,205710,2,0,9.18,3300
2026-03-20 09:15:03.880,20260320,91503880,000009.SZ,205801,1,0,8.92,100
2026-03-20 09:15:04.000,20260320,91504000,000009.SZ,207453,2,0,9.81,500
2026-03-20 09:15:04.030,20260320,91504030,000009.SZ,207934,2,0,9.78,1300
2026-03-20 09:15:04.090,20260320,91504090,000009.SZ,208459,2,0,9.78,300
2026-03-20 09:15:04.240,20260320,91504240,000009.SZ,209538,2,0,9.24,100
2026-03-20 09:15:04.260,20260320,91504260,000009.SZ,209825,1,0,8.82,500
2026-03-20 09:15:04.280,20260320,91504280,000009.SZ,210055,2,0,9.81,1000
2026-03-20 09:15:04.320,20260320,91504320,000009.SZ,210683,2,0,9.8,3000
2026-03-20 09:15:04.420,20260320,91504420,000009.SZ,211305,2,0,9.81,500
2026-03-20 09:15:04.490,20260320,91504490,000009.SZ,211601,2,0,9.81,2000
2026-03-20 09:15:04.490,20260320,91504490,000009.SZ,211603,2,0,9.46,2000
2026-03-20 09:15:04.620,20260320,91504620,000009.SZ,212418,2,0,9.21,1900
2026-03-20 09:15:04.620,20260320,91504620,000009.SZ,212420,2,0,9.51,2000
2026-03-20 09:15:04.640,20260320,91504640,000009.SZ,212430,2,0,9.76,6000
2026-03-20 09:15:04.640,20260320,91504640,000009.SZ,212468,2,0,9.81,5000
2026-03-20 09:15:04.730,20260320,91504730,000009.SZ,212894,2,0,9.81,12200
2026-03-20 09:15:04.750,20260320,91504750,000009.SZ,213164,1,0,8.82,800
2026-03-20 09:15:04.760,20260320,91504760,000009.SZ,213199,2,0,9.8,1000
2026-03-20 09:15:04.850,20260320,91504850,000009.SZ,214490,2,0,9.81,100
2026-03-20 09:15:05.220,20260320,91505220,000009.SZ,216538,2,0,9.29,1700
2026-03-20 09:15:05.220,20260320,91505220,000009.SZ,216539,2,0,9.41,1600
2026-03-20 09:15:05.220,20260320,91505220,000009.SZ,216540,2,0,9.52,1600
2026-03-20 09:15:05.220,20260320,91505220,000009.SZ,216541,2,0,9.62,1600
2026-03-20 09:15:05.220,20260320,91505220,000009.SZ,216542,2,0,9.72,1600
2026-03-20 09:15:05.220,20260320,91505220,000009.SZ,216543,2,0,9.81,1600
2026-03-20 09:15:05.220,20260320,91505220,000009.SZ,216544,1,0,8.71,3000
2026-03-20 09:15:05.280,20260320,91505280,000009.SZ,217046,2,0,9.81,1000
2026-03-20 09:15:05.320,20260320,91505320,000009.SZ,217338,2,0,9.8,3000
2026-03-20 09:15:05.730,20260320,91505730,000009.SZ,218535,2,0,9.14,2200
2026-03-20 09:15:05.730,20260320,91505730,000009.SZ,218537,2,0,9.17,2200
2026-03-20 09:15:05.760,20260320,91505760,000009.SZ,218767,2,0,9.39,1400
2026-03-20 09:15:06.220,20260320,91506220,000009.SZ,220460,1,0,8.04,200
2026-03-20 09:15:06.680,20260320,91506680,000009.SZ,221383,2,0,9.2,5000
2026-03-20 09:15:06.690,20260320,91506690,000009.SZ,221425,2,0,9.66,1100
2026-03-20 09:15:06.880,20260320,91506880,000009.SZ,222277,1,0,8.5,300
2026-03-20 09:15:06.920,20260320,91506920,000009.SZ,222501,2,0,9.48,1000
2026-03-20 09:15:07.660,20260320,91507660,000009.SZ,223582,2,0,9.09,200
2026-03-20 09:15:07.910,20260320,91507910,000009.SZ,224332,1,0,8.6,100
2026-03-20 09:15:08.100,20260320,91508100,000009.SZ,224635,2,0,9.11,100
2026-03-20 09:15:08.850,20260320,91508850,000009.SZ,225368,2,0,9.26,200
2026-03-20 09:15:08.860,20260320,91508860,000009.SZ,225397,1,0,8.78,2000
2026-03-20 09:15:08.960,20260320,91508960,000009.SZ,225866,2,0,9.1,1100
2026-03-20 09:15:10.100,20260320,91510100,000009.SZ,226646,2,0,9.07,2000
2026-03-20 09:15:10.100,20260320,91510100,000009.SZ,226648,1,0,8.7,2000
2026-03-20 09:15:11.930,20260320,91511930,000009.SZ,227427,2,0,9.8,200
2026-03-20 09:15:12.160,20260320,91512160,000009.SZ,227560,2,0,8.97,200
2026-03-20 09:15:12.200,20260320,91512200,000009.SZ,227568,1,0,8.83,200
2026-03-20 09:15:14.210,20260320,91514210,000009.SZ,228007,1,0,8.08,200
2026-03-20 09:15:15.210,20260320,91515210,000009.SZ,228120,2,0,9.0,1000
2026-03-20 09:15:18.260,20260320,91518260,000009.SZ,228535,1,0,8.5,100
2026-03-20 09:15:27.980,20260320,91527980,000009.SZ,230305,2,0,9.81,200
2026-03-20 09:15:28.210,20260320,91528210,000009.SZ,230355,2,0,9.01,100
2026-03-20 09:15:28.210,20260320,91528210,000009.SZ,230356,1,0,8.81,100
2026-03-20 09:15:30.670,20260320,91530670,000009.SZ,230796,2,0,9.8,500
2026-03-20 09:15:32.260,20260320,91532260,000009.SZ,231123,2,0,9.15,19800
2026-03-20 09:15:37.640,20260320,91537640,000009.SZ,232096,1,0,8.5,100
2026-03-20 09:15:37.640,20260320,91537640,000009.SZ,232097,2,0,9.3,100
2026-03-20 09:15:37.830,20260320,91537830,000009.SZ,232128,1,0,8.78,2000
2026-03-20 09:15:40.210,20260320,91540210,000009.SZ,232573,2,0,9.55,4000
2026-03-20 09:15:48.200,20260320,91548200,000009.SZ,234289,2,0,9.12,3000
2026-03-20 09:15:49.220,20260320,91549220,000009.SZ,234516,2,0,9.29,200
2026-03-20 09:15:49.490,20260320,91549490,000009.SZ,234570,1,0,8.9,1000
2026-03-20 09:15:49.500,20260320,91549500,000009.SZ,234574,2,0,8.03,21200
2026-03-20 09:15:51.230,20260320,91551230,000009.SZ,234940,2,0,9.1,400
2026-03-20 09:15:51.280,20260320,91551280,000009.SZ,234960,1,0,8.88,400
2026-03-20 09:15:52.880,20260320,91552880,000009.SZ,235326,2,0,9.04,1000
2026-03-20 09:15:54.540,20260320,91554540,000009.SZ,235699,2,0,9.38,1000
2026-03-20 09:15:54.540,20260320,91554540,000009.SZ,235700,1,0,8.73,1000
2026-03-20 09:15:59.110,20260320,91559110,000009.SZ,236688,1,0,8.76,30000
2026-03-20 09:16:04.480,20260320,91604480,000009.SZ,238126,2,0,8.96,100
2026-03-20 09:16:04.610,20260320,91604610,000009.SZ,238173,2,0,8.99,2300
2026-03-20 09:16:06.670,20260320,91606670,000009.SZ,238659,2,0,8.03,1800
2026-03-20 09:16:06.700,20260320,91606700,000009.SZ,238667,1,0,8.82,1000
2026-03-20 09:16:10.520,20260320,91610520,000009.SZ,239605,2,0,9.0,100
2026-03-20 09:16:14.430,20260320,91614430,000009.SZ,240434,2,0,9.21,200
2026-03-20 09:16:15.770,20260320,91615770,000009.SZ,240712,1,0,8.8,1000
2026-03-20 09:16:16.280,20260320,91616280,000009.SZ,240815,1,0,8.86,8000
2026-03-20 09:16:16.580,20260320,91616580,000009.SZ,240881,2,0,9.05,100
2026-03-20 09:16:18.210,20260320,91618210,000009.SZ,241269,2,0,9.81,100
2026-03-20 09:16:21.400,20260320,91621400,000009.SZ,241939,1,0,8.89,300
2026-03-20 09:16:22.690,20260320,91622690,000009.SZ,242257,2,0,9.1,100
2026-03-20 09:16:25.660,20260320,91625660,000009.SZ,242905,2,0,9.78,400
2026-03-20 09:16:28.710,20260320,91628710,000009.SZ,243594,2,0,9.15,100
2026-03-20 09:16:29.190,20260320,91629190,000009.SZ,243720,2,0,9.81,14800
2026-03-20 09:16:31.040,20260320,91631040,000009.SZ,244100,1,0,9.81,100
2026-03-20 09:16:31.830,20260320,91631830,000009.SZ,244299,1,0,9.81,100
2026-03-20 09:16:34.490,20260320,91634490,000009.SZ,244978,2,0,9.31,2000
2026-03-20 09:16:34.790,20260320,91634790,000009.SZ,245065,1,0,8.88,100
2026-03-20 09:16:40.960,20260320,91640960,000009.SZ,246544,1,0,8.84,100
2026-03-20 09:16:42.430,20260320,91642430,000009.SZ,246894,2,0,8.03,13400
2026-03-20 09:16:46.080,20260320,91646080,000009.SZ,247774,1,0,8.72,5100
2026-03-20 09:16:47.860,20260320,91647860,000009.SZ,248203,1,0,8.82,4300
2026-03-20 09:16:50.170,20260320,91650170,000009.SZ,248758,1,0,8.8,300
2026-03-20 09:16:51.950,20260320,91651950,000009.SZ,249199,1,0,8.89,100
2026-03-20 09:17:03.350,20260320,91703350,000009.SZ,252101,2,0,9.03,900
2026-03-20 09:17:07.850,20260320,91707850,000009.SZ,253219,1,0,8.83,1000
2026-03-20 09:17:08.030,20260320,91708030,000009.SZ,253264,1,0,8.87,1000
2026-03-20 09:17:13.710,20260320,91713710,000009.SZ,254764,2,0,9.3,600
2026-03-20 09:17:14.470,20260320,91714470,000009.SZ,255004,2,0,9.11,1600
2026-03-20 09:17:15.770,20260320,91715770,000009.SZ,255360,2,0,9.5,100
2026-03-20 09:17:17.400,20260320,91717400,000009.SZ,255784,2,0,8.89,3100
2026-03-20 09:17:18.110,20260320,91718110,000009.SZ,255965,1,0,8.83,600
2026-03-20 09:17:21.050,20260320,91721050,000009.SZ,256755,2,0,9.81,100
2026-03-20 09:17:21.590,20260320,91721590,000009.SZ,256889,1,0,8.8,500
2026-03-20 09:17:22.310,20260320,91722310,000009.SZ,257114,2,0,9.5,500
2026-03-20 09:17:31.750,20260320,91731750,000009.SZ,259691,1,0,8.63,300
2026-03-20 09:17:34.630,20260320,91734630,000009.SZ,260470,1,0,8.73,600
2026-03-20 09:17:36.320,20260320,91736320,000009.SZ,260928,2,0,9.73,300
2026-03-20 09:17:41.180,20260320,91741180,000009.SZ,262341,1,0,8.83,3000
2026-03-20 09:17:48.050,20260320,91748050,000009.SZ,264264,1,0,8.63,600
2026-03-20 09:17:53.810,20260320,91753810,000009.SZ,265918,1,0,8.68,2100
2026-03-20 09:17:54.160,20260320,91754160,000009.SZ,266014,1,0,8.8,20000
2026-03-20 09:17:55.140,20260320,91755140,000009.SZ,266310,1,0,8.82,2300
2026-03-20 09:17:55.870,20260320,91755870,000009.SZ,266523,2,0,9.81,3100
2026-03-20 09:17:56.530,20260320,91756530,000009.SZ,266716,2,0,9.25,100
2026-03-20 09:17:57.250,20260320,91757250,000009.SZ,266926,1,0,8.79,1000
2026-03-20 09:17:58.100,20260320,91758100,000009.SZ,267182,1,0,8.83,5000
2026-03-20 09:17:58.920,20260320,91758920,000009.SZ,267412,1,0,8.79,200
2026-03-20 09:18:00.530,20260320,91800530,000009.SZ,267876,1,0,8.7,10000
2026-03-20 09:18:00.690,20260320,91800690,000009.SZ,267933,2,0,8.99,8700
2026-03-20 09:18:05.600,20260320,91805600,000009.SZ,269407,1,0,8.6,10000
2026-03-20 09:18:07.040,20260320,91807040,000009.SZ,269832,2,0,9.05,1500
2026-03-20 09:18:08.150,20260320,91808150,000009.SZ,270167,2,0,9.81,600
2026-03-20 09:18:09.330,20260320,91809330,000009.SZ,270508,1,0,8.76,300
2026-03-20 09:18:10.820,20260320,91810820,000009.SZ,270931,1,0,8.85,2000
2026-03-20 09:18:11.740,20260320,91811740,000009.SZ,271164,1,0,8.89,100
2026-03-20 09:18:11.980,20260320,91811980,000009.SZ,271221,1,0,8.5,30000
2026-03-20 09:18:17.060,20260320,91817060,000009.SZ,272724,2,0,9.24,5500
2026-03-20 09:18:19.900,20260320,91819900,000009.SZ,273583,1,0,8.75,3000
2026-03-20 09:18:20.940,20260320,91820940,000009.SZ,273889,1,0,8.88,1100
2026-03-20 09:18:21.360,20260320,91821360,000009.SZ,274015,1,0,8.78,200
2026-03-20 09:18:23.430,20260320,91823430,000009.SZ,274629,2,0,8.98,300
2026-03-20 09:18:25.490,20260320,91825490,000009.SZ,275236,2,0,9.46,5500
2026-03-20 09:18:27.820,20260320,91827820,000009.SZ,275955,1,0,8.82,1100
2026-03-20 09:18:27.850,20260320,91827850,000009.SZ,275962,1,0,8.03,50700
2026-03-20 09:18:28.910,20260320,91828910,000009.SZ,276281,2,0,9.58,600
2026-03-20 09:18:32.150,20260320,91832150,000009.SZ,277266,2,0,9.09,3300
2026-03-20 09:18:32.220,20260320,91832220,000009.SZ,277284,1,0,8.8,100
2026-03-20 09:18:33.460,20260320,91833460,000009.SZ,277675,1,0,8.51,500
2026-03-20 09:18:35.130,20260320,91835130,000009.SZ,278208,2,0,9.58,100
2026-03-20 09:18:39.940,20260320,91839940,000009.SZ,279699,2,0,9.54,1000
2026-03-20 09:18:43.510,20260320,91843510,000009.SZ,280785,2,0,9.38,600
2026-03-20 09:18:47.320,20260320,91847320,000009.SZ,282018,1,0,8.79,100
2026-03-20 09:18:53.370,20260320,91853370,000009.SZ,283967,1,0,8.05,200
2026-03-20 09:18:54.940,20260320,91854940,000009.SZ,284508,1,0,8.82,900
2026-03-20 09:18:56.100,20260320,91856100,000009.SZ,284866,1,0,8.8,500
2026-03-20 09:18:56.770,20260320,91856770,000009.SZ,285059,2,0,9.18,600
2026-03-20 09:19:00.170,20260320,91900170,000009.SZ,286119,2,0,9.81,10000
2026-03-20 09:19:00.540,20260320,91900540,000009.SZ,286256,1,0,8.8,500
2026-03-20 09:19:02.920,20260320,91902920,000009.SZ,287083,2,0,9.81,2800
2026-03-20 09:19:03.470,20260320,91903470,000009.SZ,287247,2,0,9.8,1000
2026-03-20 09:19:04.590,20260320,91904590,000009.SZ,287623,1,0,8.8,2000
2026-03-20 09:19:05.040,20260320,91905040,000009.SZ,287781,1,0,8.89,1000
2026-03-20 09:19:06.870,20260320,91906870,000009.SZ,288436,1,0,8.81,1000
2026-03-20 09:19:07.910,20260320,91907910,000009.SZ,288790,2,0,9.36,800
2026-03-20 09:19:19.020,20260320,91919020,000009.SZ,292551,1,0,8.89,200
2026-03-20 09:19:24.870,20260320,91924870,000009.SZ,294624,2,0,9.18,700
2026-03-20 09:19:26.950,20260320,91926950,000009.SZ,295333,1,0,8.85,700
2026-03-20 09:19:30.710,20260320,91930710,000009.SZ,296492,2,0,9.81,1000
2026-03-20 09:19:35.590,20260320,91935590,000009.SZ,298106,1,0,8.89,700
2026-03-20 09:19:39.450,20260320,91939450,000009.SZ,299363,1,0,8.8,3000
2026-03-20 09:19:46.890,20260320,91946890,000009.SZ,301944,1,0,8.8,4100
2026-03-20 09:19:47.250,20260320,91947250,000009.SZ,302056,1,0,8.83,5500
2026-03-20 09:19:47.400,20260320,91947400,000009.SZ,302112,1,0,8.68,200
2026-03-20 09:19:48.690,20260320,91948690,000009.SZ,302535,1,0,8.89,1000
2026-03-20 09:19:52.230,20260320,91952230,000009.SZ,303820,1,0,8.86,300
2026-03-20 09:19:52.460,20260320,91952460,000009.SZ,303910,1,0,8.89,1000
2026-03-20 09:19:52.650,20260320,91952650,000009.SZ,303983,2,0,9.05,400
2026-03-20 09:19:52.900,20260320,91952900,000009.SZ,304077,1,0,8.75,2500
2026-03-20 09:19:53.530,20260320,91953530,000009.SZ,304309,2,0,9.18,2100
2026-03-20 09:19:54.740,20260320,91954740,000009.SZ,304742,2,0,9.4,500
2026-03-20 09:19:59.200,20260320,91959200,000009.SZ,306367,2,0,9.18,2000
2026-03-20 09:20:03.250,20260320,92003250,000009.SZ,307774,1,0,8.92,1000
2026-03-20 09:20:03.260,20260320,92003260,000009.SZ,307778,2,0,9.81,300
2026-03-20 09:20:05.010,20260320,92005010,000009.SZ,308341,2,0,8.75,100
2026-03-20 09:20:05.770,20260320,92005770,000009.SZ,308617,2,0,9.65,600
2026-03-20 09:20:10.560,20260320,92010560,000009.SZ,309987,2,0,9.18,1500
2026-03-20 09:20:15.370,20260320,92015370,000009.SZ,311336,1,0,8.81,2800
2026-03-20 09:20:19.800,20260320,92019800,000009.SZ,312549,2,0,9.81,1000
2026-03-20 09:20:24.730,20260320,92024730,000009.SZ,313873,2,0,9.73,600
2026-03-20 09:20:25.490,20260320,92025490,000009.SZ,314078,1,0,8.86,600
2026-03-20 09:20:26.750,20260320,92026750,000009.SZ,314425,1,0,8.82,2200
2026-03-20 09:20:28.690,20260320,92028690,000009.SZ,315007,1,0,8.74,500
2026-03-20 09:20:31.970,20260320,92031970,000009.SZ,315935,1,0,8.9,300
2026-03-20 09:20:36.470,20260320,92036470,000009.SZ,317197,1,0,8.89,3300
2026-03-20 09:20:44.100,20260320,92044100,000009.SZ,319534,1,0,8.89,100
2026-03-20 09:20:45.880,20260320,92045880,000009.SZ,320087,1,0,8.8,100
2026-03-20 09:20:47.530,20260320,92047530,000009.SZ,320604,2,0,9.8,2000
2026-03-20 09:20:47.770,20260320,92047770,000009.SZ,320665,1,0,8.78,2300
2026-03-20 09:20:49.950,20260320,92049950,000009.SZ,321300,1,0,8.03,300
2026-03-20 09:20:51.580,20260320,92051580,000009.SZ,321773,1,0,8.8,200
2026-03-20 09:20:53.600,20260320,92053600,000009.SZ,322345,1,0,8.5,20000
2026-03-20 09:20:56.270,20260320,92056270,000009.SZ,323154,2,0,9.3,1000
2026-03-20 09:20:56.450,20260320,92056450,000009.SZ,323207,1,0,8.6,600
2026-03-20 09:20:57.100,20260320,92057100,000009.SZ,323382,1,0,8.83,1100
2026-03-20 09:20:59.240,20260320,92059240,000009.SZ,324047,1,0,8.68,2000
2026-03-20 09:21:02.720,20260320,92102720,000009.SZ,325408,2,0,9.68,2000
2026-03-20 09:21:03.030,20260320,92103030,000009.SZ,325501,2,0,9.6,2000
2026-03-20 09:21:03.070,20260320,92103070,000009.SZ,325512,1,0,8.8,3100
2026-03-20 09:21:03.790,20260320,92103790,000009.SZ,325789,2,0,9.2,600
2026-03-20 09:21:05.530,20260320,92105530,000009.SZ,326356,1,0,8.03,2000
2026-03-20 09:21:12.450,20260320,92112450,000009.SZ,328505,1,0,8.89,2000
2026-03-20 09:21:12.940,20260320,92112940,000009.SZ,328675,1,0,8.03,1000
2026-03-20 09:21:14.590,20260320,92114590,000009.SZ,329158,2,0,8.96,500
2026-03-20 09:21:17.210,20260320,92117210,000009.SZ,329990,2,0,9.81,800
2026-03-20 09:21:17.840,20260320,92117840,000009.SZ,330166,2,0,9.0,5000
2026-03-20 09:21:19.690,20260320,92119690,000009.SZ,330764,2,0,9.81,700
2026-03-20 09:21:20.140,20260320,92120140,000009.SZ,330896,1,0,8.89,1000
2026-03-20 09:21:23.860,20260320,92123860,000009.SZ,332128,2,0,9.28,6000
2026-03-20 09:21:27.910,20260320,92127910,000009.SZ,333443,1,0,8.63,2000
2026-03-20 09:21:28.870,20260320,92128870,000009.SZ,333756,1,0,8.36,100
2026-03-20 09:21:31.530,20260320,92131530,000009.SZ,334578,2,0,8.9,600
2026-03-20 09:21:32.500,20260320,92132500,000009.SZ,334896,1,0,8.58,800
2026-03-20 09:21:38.080,20260320,92138080,000009.SZ,336692,1,0,8.85,700
2026-03-20 09:21:38.630,20260320,92138630,000009.SZ,336872,2,0,9.77,1000
2026-03-20 09:21:39.610,20260320,92139610,000009.SZ,337186,2,0,9.77,1000
2026-03-20 09:21:40.030,20260320,92140030,000009.SZ,337323,1,0,8.85,2000
2026-03-20 09:21:40.100,20260320,92140100,000009.SZ,337341,2,0,9.37,16200
2026-03-20 09:21:40.100,20260320,92140100,000009.SZ,337342,1,0,8.9,1000
2026-03-20 09:21:43.870,20260320,92143870,000009.SZ,338579,1,0,9.81,1800
2026-03-20 09:21:48.550,20260320,92148550,000009.SZ,340159,1,0,8.8,5000
2026-03-20 09:21:51.680,20260320,92151680,000009.SZ,341142,1,0,8.86,50000
2026-03-20 09:21:53.970,20260320,92153970,000009.SZ,341945,1,0,8.91,7000
2026-03-20 09:21:54.110,20260320,92154110,000009.SZ,341983,1,0,8.89,1300
2026-03-20 09:21:58.060,20260320,92158060,000009.SZ,343296,1,0,8.85,300
2026-03-20 09:22:00.480,20260320,92200480,000009.SZ,344075,1,0,8.82,2000
2026-03-20 09:22:01.420,20260320,92201420,000009.SZ,344404,1,0,8.88,10000
2026-03-20 09:22:07.570,20260320,92207570,000009.SZ,346538,1,0,8.91,51000
2026-03-20 09:22:13.340,20260320,92213340,000009.SZ,348512,1,0,8.4,200
2026-03-20 09:22:13.990,20260320,92213990,000009.SZ,348765,2,0,9.57,2000
2026-03-20 09:22:16.340,20260320,92216340,000009.SZ,349631,1,0,8.91,600
2026-03-20 09:22:17.360,20260320,92217360,000009.SZ,349975,2,0,8.89,2700
2026-03-20 09:22:18.900,20260320,92218900,000009.SZ,350501,2,0,9.19,1000
2026-03-20 09:22:20.280,20260320,92220280,000009.SZ,351000,1,0,8.9,2300
2026-03-20 09:22:20.670,20260320,92220670,000009.SZ,351141,1,0,8.91,1100
2026-03-20 09:22:22.600,20260320,92222600,000009.SZ,351872,2,0,9.8,1500
2026-03-20 09:22:24.430,20260320,92224430,000009.SZ,352525,2,0,9.29,1100
2026-03-20 09:22:25.170,20260320,92225170,000009.SZ,352801,2,0,9.05,1500
2026-03-20 09:22:26.590,20260320,92226590,000009.SZ,353274,2,0,9.41,1300
2026-03-20 09:22:26.780,20260320,92226780,000009.SZ,353338,1,0,8.76,5700
2026-03-20 09:22:26.920,20260320,92226920,000009.SZ,353376,2,0,9.4,900
2026-03-20 09:22:31.090,20260320,92231090,000009.SZ,354898,2,0,8.89,2000
2026-03-20 09:22:33.100,20260320,92233100,000009.SZ,355607,2,0,9.02,2000
2026-03-20 09:22:33.320,20260320,92233320,000009.SZ,355695,1,0,8.8,700
2026-03-20 09:22:34.400,20260320,92234400,000009.SZ,356127,2,0,9.5,9300
2026-03-20 09:22:35.710,20260320,92235710,000009.SZ,356634,1,0,8.81,5000
2026-03-20 09:22:38.040,20260320,92238040,000009.SZ,357451,1,0,8.83,1300
2026-03-20 09:22:38.280,20260320,92238280,000009.SZ,357536,1,0,8.9,2000
2026-03-20 09:22:40.170,20260320,92240170,000009.SZ,358211,1,0,8.88,1500
2026-03-20 09:22:41.030,20260320,92241030,000009.SZ,358571,2,0,8.96,3000
2026-03-20 09:22:42.990,20260320,92242990,000009.SZ,359283,1,0,8.92,300
2026-03-20 09:22:45.900,20260320,92245900,000009.SZ,360396,1,0,8.88,200
2026-03-20 09:22:46.830,20260320,92246830,000009.SZ,360753,2,0,9.42,8200
2026-03-20 09:22:49.740,20260320,92249740,000009.SZ,361806,1,0,8.91,500
2026-03-20 09:22:51.430,20260320,92251430,000009.SZ,362445,1,0,8.5,500
2026-03-20 09:22:52.120,20260320,92252120,000009.SZ,362707,1,0,8.95,300
2026-03-20 09:22:53.400,20260320,92253400,000009.SZ,363202,2,0,9.8,2000
2026-03-20 09:22:55.010,20260320,92255010,000009.SZ,363852,1,0,8.92,7000
2026-03-20 09:22:55.460,20260320,92255460,000009.SZ,364021,2,0,8.98,8000
2026-03-20 09:22:57.270,20260320,92257270,000009.SZ,364708,2,0,9.23,1300
2026-03-20 09:23:00.960,20260320,92300960,000009.SZ,366196,2,0,9.8,500
2026-03-20 09:23:01.090,20260320,92301090,000009.SZ,366255,2,0,9.81,1000
2026-03-20 09:23:02.570,20260320,92302570,000009.SZ,366894,2,0,9.81,3000
2026-03-20 09:23:08.140,20260320,92308140,000009.SZ,369147,2,0,9.42,600
2026-03-20 09:23:09.780,20260320,92309780,000009.SZ,369795,1,0,8.75,3000
2026-03-20 09:23:12.970,20260320,92312970,000009.SZ,371075,1,0,8.81,1100
2026-03-20 09:23:14.210,20260320,92314210,000009.SZ,371576,1,0,8.72,4100
2026-03-20 09:23:17.190,20260320,92317190,000009.SZ,372828,2,0,9.5,5900
2026-03-20 09:23:17.370,20260320,92317370,000009.SZ,372896,1,0,8.77,200
2026-03-20 09:23:17.680,20260320,92317680,000009.SZ,373031,1,0,8.75,500
2026-03-20 09:23:20.190,20260320,92320190,000009.SZ,374167,1,0,8.81,1000
2026-03-20 09:23:26.590,20260320,92326590,000009.SZ,376890,1,0,8.92,1000
2026-03-20 09:23:27.600,20260320,92327600,000009.SZ,377449,1,0,8.85,500
2026-03-20 09:23:27.790,20260320,92327790,000009.SZ,377537,2,0,9.1,700
2026-03-20 09:23:35.150,20260320,92335150,000009.SZ,380864,1,0,8.8,500
2026-03-20 09:23:39.740,20260320,92339740,000009.SZ,382791,1,0,8.79,2000
2026-03-20 09:23:40.860,20260320,92340860,000009.SZ,383311,2,0,9.81,2000
2026-03-20 09:23:42.000,20260320,92342000,000009.SZ,383840,1,0,8.75,500
2026-03-20 09:23:44.510,20260320,92344510,000009.SZ,384931,1,0,8.92,1700
2026-03-20 09:23:45.010,20260320,92345010,000009.SZ,385163,1,0,8.92,2100
2026-03-20 09:23:48.310,20260320,92348310,000009.SZ,386639,1,0,8.7,500
2026-03-20 09:23:49.210,20260320,92349210,000009.SZ,387037,1,0,8.71,5000
2026-03-20 09:23:49.220,20260320,92349220,000009.SZ,387040,1,0,8.9,5000
2026-03-20 09:23:49.950,20260320,92349950,000009.SZ,387378,2,0,9.81,1000
2026-03-20 09:23:50.050,20260320,92350050,000009.SZ,387419,2,0,9.12,2000
2026-03-20 09:23:50.810,20260320,92350810,000009.SZ,387806,1,0,8.77,2000
2026-03-20 09:23:51.220,20260320,92351220,000009.SZ,388023,1,0,9.81,1200
2026-03-20 09:23:51.300,20260320,92351300,000009.SZ,388071,1,0,8.75,2000
2026-03-20 09:23:53.200,20260320,92353200,000009.SZ,388972,1,0,8.8,200
2026-03-20 09:23:53.770,20260320,92353770,000009.SZ,389195,1,0,8.88,5000
2026-03-20 09:23:56.090,20260320,92356090,000009.SZ,390228,2,0,9.1,800
2026-03-20 09:23:56.920,20260320,92356920,000009.SZ,390590,1,0,8.92,1000
2026-03-20 09:23:57.610,20260320,92357610,000009.SZ,390959,2,0,9.2,2200
2026-03-20 09:23:59.520,20260320,92359520,000009.SZ,391845,1,0,8.8,700
2026-03-20 09:24:00.120,20260320,92400120,000009.SZ,392254,2,0,8.48,200
2026-03-20 09:24:00.220,20260320,92400220,000009.SZ,392331,1,0,8.93,3000
2026-03-20 09:24:00.490,20260320,92400490,000009.SZ,392513,2,0,9.09,400
2026-03-20 09:24:02.780,20260320,92402780,000009.SZ,393713,2,0,8.92,400
2026-03-20 09:24:03.390,20260320,92403390,000009.SZ,394006,1,0,8.75,2000
2026-03-20 09:24:04.090,20260320,92404090,000009.SZ,394378,2,0,9.81,100
2026-03-20 09:24:04.520,20260320,92404520,000009.SZ,394611,2,0,9.33,2200
2026-03-20 09:24:06.650,20260320,92406650,000009.SZ,395711,1,0,8.8,3900
2026-03-20 09:24:07.110,20260320,92407110,000009.SZ,395971,1,0,8.75,2100
2026-03-20 09:24:07.190,20260320,92407190,000009.SZ,396007,1,0,8.92,2000
2026-03-20 09:24:11.650,20260320,92411650,000009.SZ,398618,2,0,9.5,200
2026-03-20 09:24:11.930,20260320,92411930,000009.SZ,398781,1,0,8.86,1000
2026-03-20 09:24:13.390,20260320,92413390,000009.SZ,399699,1,0,8.82,2000
2026-03-20 09:24:14.260,20260320,92414260,000009.SZ,400238,1,0,8.71,3000
2026-03-20 09:24:14.810,20260320,92414810,000009.SZ,400543,2,0,9.0,400
2026-03-20 09:24:15.370,20260320,92415370,000009.SZ,400887,2,0,9.81,500
2026-03-20 09:24:15.740,20260320,92415740,000009.SZ,401126,1,0,8.88,2300
2026-03-20 09:24:16.140,20260320,92416140,000009.SZ,401351,1,0,8.92,1500
2026-03-20 09:24:16.140,20260320,92416140,000009.SZ,401357,2,0,9.18,1900
2026-03-20 09:24:16.760,20260320,92416760,000009.SZ,401765,1,0,8.46,8800
2026-03-20 09:24:17.720,20260320,92417720,000009.SZ,402344,2,0,9.45,100
2026-03-20 09:24:21.800,20260320,92421800,000009.SZ,404984,2,0,9.45,1000
2026-03-20 09:24:22.200,20260320,92422200,000009.SZ,405232,2,0,9.07,700
2026-03-20 09:24:22.220,20260320,92422220,000009.SZ,405254,1,0,8.92,2000
2026-03-20 09:24:26.800,20260320,92426800,000009.SZ,408296,1,0,8.9,200
2026-03-20 09:24:27.370,20260320,92427370,000009.SZ,408691,1,0,8.81,500
2026-03-20 09:24:29.640,20260320,92429640,000009.SZ,410235,2,0,9.66,6000
2026-03-20 09:24:30.150,20260320,92430150,000009.SZ,410614,2,0,8.03,5600
2026-03-20 09:24:32.350,20260320,92432350,000009.SZ,412297,1,0,8.65,5000
2026-03-20 09:24:33.510,20260320,92433510,000009.SZ,413053,1,0,8.89,4500
2026-03-20 09:24:34.000,20260320,92434000,000009.SZ,413369,2,0,9.81,10000
2026-03-20 09:24:34.540,20260320,92434540,000009.SZ,413753,2,0,9.68,1000
2026-03-20 09:24:35.220,20260320,92435220,000009.SZ,414252,1,0,8.85,500
2026-03-20 09:24:35.320,20260320,92435320,000009.SZ,414319,2,0,9.15,500
2026-03-20 09:24:35.750,20260320,92435750,000009.SZ,414617,2,0,9.29,100
2026-03-20 09:24:38.750,20260320,92438750,000009.SZ,416848,1,0,8.92,1600
2026-03-20 09:24:41.590,20260320,92441590,000009.SZ,419183,1,0,8.8,500
2026-03-20 09:24:41.680,20260320,92441680,000009.SZ,419244,2,0,9.07,1000
2026-03-20 09:24:43.280,20260320,92443280,000009.SZ,420482,2,0,9.81,2200
2026-03-20 09:24:46.600,20260320,92446600,000009.SZ,423090,1,0,9.19,600
2026-03-20 09:24:46.750,20260320,92446750,000009.SZ,423224,2,0,9.09,3400
2026-03-20 09:24:47.990,20260320,92447990,000009.SZ,424208,2,0,9.12,5000
2026-03-20 09:24:49.150,20260320,92449150,000009.SZ,425463,1,0,8.81,2000
2026-03-20 09:24:50.310,20260320,92450310,000009.SZ,427139,2,0,9.4,2000
2026-03-20 09:24:50.660,20260320,92450660,000009.SZ,427506,1,0,8.92,300
2026-03-20 09:24:50.780,20260320,92450780,000009.SZ,427611,2,0,8.79,500
2026-03-20 09:24:50.780,20260320,92450780,000009.SZ,427616,2,0,8.79,100
2026-03-20 09:24:51.980,20260320,92451980,000009.SZ,428826,1,0,9.08,3200
2026-03-20 09:24:52.330,20260320,92452330,000009.SZ,429197,2,0,9.5,800
2026-03-20 09:24:52.750,20260320,92452750,000009.SZ,429578,1,0,8.84,1700
2026-03-20 09:24:54.010,20260320,92454010,000009.SZ,431163,1,0,8.93,600
2026-03-20 09:24:54.770,20260320,92454770,000009.SZ,432283,1,0,9.01,100
2026-03-20 09:24:54.950,20260320,92454950,000009.SZ,432615,1,0,9.01,100
2026-03-20 09:24:56.080,20260320,92456080,000009.SZ,435122,2,0,9.25,1000
2026-03-20 09:24:56.170,20260320,92456170,000009.SZ,435384,1,0,9.01,100
2026-03-20 09:24:57.190,20260320,92457190,000009.SZ,437926,2,0,8.92,200
2026-03-20 09:24:58.740,20260320,92458740,000009.SZ,442571,1,0,9.09,2400
2026-03-20 09:24:58.960,20260320,92458960,000009.SZ,443284,1,0,8.91,2000
2026-03-20 09:24:59.310,20260320,92459310,000009.SZ,444915,1,0,8.95,1800
2026-03-20 09:24:59.630,20260320,92459630,000009.SZ,446849,1,0,8.94,5200
2026-03-20 09:24:59.650,20260320,92459650,000009.SZ,447043,1,0,9.09,1000
2026-03-20 09:24:59.650,20260320,92459650,000009.SZ,447044,1,0,9.15,500
2026-03-20 09:24:59.680,20260320,92459680,000009.SZ,447394,1,0,8.8,500
2026-03-20 09:24:59.930,20260320,92459930,000009.SZ,448728,1,0,8.98,1100
2026-03-20 09:24:59.940,20260320,92459940,000009.SZ,448891,1,0,8.96,28900
2026-03-20 09:30:00.030,20260320,93000030,000009.SZ,525208,1,0,8.48,1500
2026-03-20 09:30:00.030,20260320,93000030,000009.SZ,526061,1,0,8.96,400
2026-03-20 09:30:00.030,20260320,93000030,000009.SZ,526791,1,0,8.98,41200
2026-03-20 09:30:00.040,20260320,93000040,000009.SZ,530641,1,0,8.81,300
2026-03-20 09:30:00.040,20260320,93000040,000009.SZ,531006,1,0,8.92,200
2026-03-20 09:30:00.040,20260320,93000040,000009.SZ,532312,1,0,8.98,1900
2026-03-20 09:30:00.050,20260320,93000050,000009.SZ,534749,1,0,8.97,500
2026-03-20 09:30:00.050,20260320,93000050,000009.SZ,537170,1,0,8.8,2000
2026-03-20 09:30:00.050,20260320,93000050,000009.SZ,538218,1,0,8.88,100
2026-03-20 09:30:00.050,20260320,93000050,000009.SZ,538897,1,0,8.97,1000
2026-03-20 09:30:00.050,20260320,93000050,000009.SZ,540338,2,0,9.06,1500
2026-03-20 09:30:00.050,20260320,93000050,000009.SZ,541075,2,0,9.2,1000
2026-03-20 09:30:00.050,20260320,93000050,000009.SZ,541814,1,0,8.97,600
2026-03-20 09:30:00.060,20260320,93000060,000009.SZ,543599,1,0,8.81,8000
2026-03-20 09:30:00.060,20260320,93000060,000009.SZ,543995,1,0,8.88,56500
2026-03-20 09:30:00.060,20260320,93000060,000009.SZ,544791,2,0,9.03,2000
2026-03-20 09:30:00.060,20260320,93000060,000009.SZ,545772,2,0,9.1,3000
2026-03-20 09:30:00.060,20260320,93000060,000009.SZ,547728,1,0,8.89,300
2026-03-20 09:30:00.060,20260320,93000060,000009.SZ,548387,2,0,9.2,100
2026-03-20 09:30:00.070,20260320,93000070,000009.SZ,549116,1,0,8.97,1600
2026-03-20 09:30:00.070,20260320,93000070,000009.SZ,549194,1,0,8.9,56300
2026-03-20 09:30:00.070,20260320,93000070,000009.SZ,550421,2,2,0.0,600
2026-03-20 09:30:00.070,20260320,93000070,000009.SZ,550422,1,0,8.97,1000
2026-03-20 09:30:00.070,20260320,93000070,000009.SZ,551021,1,0,8.92,100
2026-03-20 09:30:00.070,20260320,93000070,000009.SZ,551794,2,0,9.13,1000
2026-03-20 09:30:00.070,20260320,93000070,000009.SZ,552216,2,0,9.25,800
2026-03-20 09:30:00.070,20260320,93000070,000009.SZ,552805,1,0,8.88,500
2026-03-20 09:30:00.080,20260320,93000080,000009.SZ,555573,1,0,8.97,2200
2026-03-20 09:30:00.080,20260320,93000080,000009.SZ,556020,1,0,8.88,20700
2026-03-20 09:30:00.080,20260320,93000080,000009.SZ,557183,1,0,8.68,200
2026-03-20 09:30:00.090,20260320,93000090,000009.SZ,560740,2,0,9.81,200
2026-03-20 09:30:00.090,20260320,93000090,000009.SZ,562701,1,0,8.81,6000
2026-03-20 09:30:00.090,20260320,93000090,000009.SZ,563746,2,0,9.18,2700
2026-03-20 09:30:00.100,20260320,93000100,000009.SZ,566546,2,0,8.96,1000
2026-03-20 09:30:00.110,20260320,93000110,000009.SZ,571633,2,0,9.09,2000
2026-03-20 09:30:00.110,20260320,93000110,000009.SZ,572067,1,0,8.9,5000
2026-03-20 09:30:00.110,20260320,93000110,000009.SZ,573607,2,0,8.96,3000
2026-03-20 09:30:00.110,20260320,93000110,000009.SZ,574572,1,0,8.97,300
2026-03-20 09:30:00.120,20260320,93000120,000009.SZ,575279,2,0,9.25,1000
2026-03-20 09:30:00.120,20260320,93000120,000009.SZ,575461,2,0,9.2,500
2026-03-20 09:30:00.120,20260320,93000120,000009.SZ,575658,2,0,8.97,9000
2026-03-20 09:30:00.120,20260320,93000120,000009.SZ,578127,2,0,9.38,1000
2026-03-20 09:30:00.120,20260320,93000120,000009.SZ,580262,2,0,9.36,33100
2026-03-20 09:30:00.130,20260320,93000130,000009.SZ,582447,2,0,9.35,1000
2026-03-20 09:30:00.130,20260320,93000130,000009.SZ,585778,1,0,8.97,600
2026-03-20 09:30:00.130,20260320,93000130,000009.SZ,585833,1,0,8.9,2000
2026-03-20 09:30:00.140,20260320,93000140,000009.SZ,589887,1,0,8.83,400
2026-03-20 09:30:00.140,20260320,93000140,000009.SZ,590856,1,0,8.97,600
2026-03-20 09:30:00.150,20260320,93000150,000009.SZ,591994,1,0,8.75,1000
2026-03-20 09:30:00.150,20260320,93000150,000009.SZ,594229,2,0,9.13,1500
2026-03-20 09:30:00.150,20260320,93000150,000009.SZ,595305,1,0,8.88,200
2026-03-20 09:30:00.150,20260320,93000150,000009.SZ,595380,2,0,9.18,1000
2026-03-20 09:30:00.150,20260320,93000150,000009.SZ,596107,2,0,9.5,2000
2026-03-20 09:30:00.160,20260320,93000160,000009.SZ,597752,1,0,8.96,1300
2026-03-20 09:30:00.160,20260320,93000160,000009.SZ,598191,2,0,9.77,2000
2026-03-20 09:30:00.160,20260320,93000160,000009.SZ,598599,2,0,9.81,1300
2026-03-20 09:30:00.160,20260320,93000160,000009.SZ,599859,1,0,8.7,500
2026-03-20 09:30:00.160,20260320,93000160,000009.SZ,601852,1,0,8.7,3000
2026-03-20 09:30:00.170,20260320,93000170,000009.SZ,602441,2,0,9.39,3000
2026-03-20 09:30:00.170,20260320,93000170,000009.SZ,603626,2,0,9.07,1700
2026-03-20 09:30:00.170,20260320,93000170,000009.SZ,604092,2,0,9.08,1700
2026-03-20 09:30:00.170,20260320,93000170,000009.SZ,604346,2,0,9.09,1700
2026-03-20 09:30:00.170,20260320,93000170,000009.SZ,604759,2,0,9.09,10000
2026-03-20 09:30:00.170,20260320,93000170,000009.SZ,606360,2,0,9.1,1700
2026-03-20 09:30:00.180,20260320,93000180,000009.SZ,607277,2,0,9.11,1700
2026-03-20 09:30:00.180,20260320,93000180,000009.SZ,607400,2,0,9.12,1700
2026-03-20 09:30:00.180,20260320,93000180,000009.SZ,608579,1,0,8.85,1000
2026-03-20 09:30:00.180,20260320,93000180,000009.SZ,609409,2,0,9.01,1100
2026-03-20 09:30:00.180,20260320,93000180,000009.SZ,610328,2,0,9.02,2000
2026-03-20 09:30:00.180,20260320,93000180,000009.SZ,610488,2,0,9.81,5800
2026-03-20 09:30:00.190,20260320,93000190,000009.SZ,611993,1,0,8.9,300
2026-03-20 09:30:00.190,20260320,93000190,000009.SZ,613125,1,0,8.03,1000
2026-03-20 09:30:00.190,20260320,93000190,000009.SZ,613643,1,0,8.85,500
2026-03-20 09:30:00.200,20260320,93000200,000009.SZ,616044,2,0,9.19,2000
2026-03-20 09:30:00.200,20260320,93000200,000009.SZ,616080,1,0,8.97,100
2026-03-20 09:30:00.210,20260320,93000210,000009.SZ,621292,2,0,8.97,100
2026-03-20 09:30:00.210,20260320,93000210,000009.SZ,621495,1,0,8.9,200
2026-03-20 09:30:00.220,20260320,93000220,000009.SZ,624126,2,0,9.0,1000
2026-03-20 09:30:00.220,20260320,93000220,000009.SZ,624425,1,0,8.93,100
2026-03-20 09:30:00.220,20260320,93000220,000009.SZ,624605,2,0,9.8,1600
2026-03-20 09:30:00.220,20260320,93000220,000009.SZ,625971,2,0,9.6,6000
2026-03-20 09:30:00.230,20260320,93000230,000009.SZ,626770,2,0,8.98,1000
2026-03-20 09:30:00.230,20260320,93000230,000009.SZ,628250,2,0,9.25,5000
2026-03-20 09:30:00.230,20260320,93000230,000009.SZ,628708,2,0,9.39,400
2026-03-20 09:30:00.230,20260320,93000230,000009.SZ,630011,2,0,9.5,500
2026-03-20 09:30:00.240,20260320,93000240,000009.SZ,630639,2,0,9.39,3100
2026-03-20 09:30:00.240,20260320,93000240,000009.SZ,631419,1,0,8.03,5000
2026-03-20 09:30:00.240,20260320,93000240,000009.SZ,632250,2,0,9.24,200
2026-03-20 09:30:00.240,20260320,93000240,000009.SZ,632896,2,0,9.04,8200
2026-03-20 09:30:00.240,20260320,93000240,000009.SZ,633580,1,0,8.97,100
2026-03-20 09:30:00.250,20260320,93000250,000009.SZ,634638,2,0,8.97,200
2026-03-20 09:30:00.250,20260320,93000250,000009.SZ,636525,2,0,9.09,400
2026-03-20 09:30:00.260,20260320,93000260,000009.SZ,638392,2,0,9.13,1700
2026-03-20 09:30:00.260,20260320,93000260,000009.SZ,639313,2,0,9.14,1700
2026-03-20 09:30:00.260,20260320,93000260,000009.SZ,639798,2,0,9.15,1700
2026-03-20 09:30:00.270,20260320,93000270,000009.SZ,640127,2,0,9.17,1700
2026-03-20 09:30:00.270,20260320,93000270,000009.SZ,640859,2,0,9.0,600
2026-03-20 09:30:00.270,20260320,93000270,000009.SZ,641321,2,0,9.11,500
2026-03-20 09:30:00.270,20260320,93000270,000009.SZ,643366,2,0,8.99,2300
2026-03-20 09:30:00.280,20260320,93000280,000009.SZ,644575,2,0,9.1,1000
2026-03-20 09:30:00.280,20260320,93000280,000009.SZ,645006,1,0,8.85,400
2026-03-20 09:30:00.280,20260320,93000280,000009.SZ,645208,2,0,9.05,700
2026-03-20 09:30:00.280,20260320,93000280,000009.SZ,646638,1,0,8.96,1000
2026-03-20 09:30:00.290,20260320,93000290,000009.SZ,646949,1,0,8.97,4500
2026-03-20 09:30:00.290,20260320,93000290,000009.SZ,647191,2,0,9.7,5000
2026-03-20 09:30:00.290,20260320,93000290,000009.SZ,648135,2,0,9.3,3000
2026-03-20 09:30:00.300,20260320,93000300,000009.SZ,651990,1,0,8.97,600
2026-03-20 09:30:00.300,20260320,93000300,000009.SZ,652463,2,0,9.15,500
2026-03-20 09:30:00.310,20260320,93000310,000009.SZ,653208,2,0,8.98,200
2026-03-20 09:30:00.310,20260320,93000310,000009.SZ,653675,2,0,9.08,2000
2026-03-20 09:30:00.310,20260320,93000310,000009.SZ,654970,1,0,8.97,2000
2026-03-20 09:30:00.320,20260320,93000320,000009.SZ,656299,2,0,9.07,800
2026-03-20 09:30:00.320,20260320,93000320,000009.SZ,656391,2,0,9.14,800
2026-03-20 09:30:00.320,20260320,93000320,000009.SZ,656575,2,0,9.19,800
2026-03-20 09:30:00.320,20260320,93000320,000009.SZ,656759,2,0,9.17,32000
2026-03-20 09:30:00.320,20260320,93000320,000009.SZ,658311,2,0,9.1,500
2026-03-20 09:30:00.320,20260320,93000320,000009.SZ,658548,2,0,9.08,300
2026-03-20 09:30:00.330,20260320,93000330,000009.SZ,658915,2,0,9.16,1700
2026-03-20 09:30:00.330,20260320,93000330,000009.SZ,659231,2,0,9.18,1700
2026-03-20 09:30:00.330,20260320,93000330,000009.SZ,659526,2,0,9.25,1000
2026-03-20 09:30:00.330,20260320,93000330,000009.SZ,659687,2,0,9.18,1700
2026-03-20 09:30:00.330,20260320,93000330,000009.SZ,660340,2,0,9.19,1700
2026-03-20 09:30:00.330,20260320,93000330,000009.SZ,660701,2,0,9.2,1700
2026-03-20 09:30:00.330,20260320,93000330,000009.SZ,661172,2,0,9.18,4100
2026-03-20 09:30:00.340,20260320,93000340,000009.SZ,661830,2,0,9.15,50000
2026-03-20 09:30:00.340,20260320,93000340,000009.SZ,662227,2,0,9.18,4400
2026-03-20 09:30:00.340,20260320,93000340,000009.SZ,663058,2,0,8.96,1700
2026-03-20 09:30:00.350,20260320,93000350,000009.SZ,664305,2,0,9.81,200000
2026-03-20 09:30:00.350,20260320,93000350,000009.SZ,664600,2,0,8.96,6000
2026-03-20 09:30:00.350,20260320,93000350,000009.SZ,664847,2,0,9.5,50000
2026-03-20 09:30:00.350,20260320,93000350,000009.SZ,665578,2,0,9.22,1000
2026-03-20 09:30:00.350,20260320,93000350,000009.SZ,666186,2,0,9.7,50000
2026-03-20 09:30:00.360,20260320,93000360,000009.SZ,666515,2,0,9.05,400
2026-03-20 09:30:00.360,20260320,93000360,000009.SZ,666557,2,0,9.21,2400
2026-03-20 09:30:00.360,20260320,93000360,000009.SZ,667584,2,0,9.06,4600
2026-03-20 09:30:00.360,20260320,93000360,000009.SZ,667992,1,0,8.93,5000
2026-03-20 09:30:00.360,20260320,93000360,000009.SZ,668456,1,0,8.25,600
2026-03-20 09:30:00.360,20260320,93000360,000009.SZ,668572,2,0,9.35,1000
2026-03-20 09:30:00.370,20260320,93000370,000009.SZ,670344,1,0,8.8,500
2026-03-20 09:30:00.380,20260320,93000380,000009.SZ,671817,1,0,8.8,2000
2026-03-20 09:30:00.380,20260320,93000380,000009.SZ,672290,2,0,9.25,500
2026-03-20 09:30:00.390,20260320,93000390,000009.SZ,673444,1,0,8.52,100
2026-03-20 09:30:00.390,20260320,93000390,000009.SZ,673446,1,0,8.32,100
2026-03-20 09:30:00.390,20260320,93000390,000009.SZ,673455,1,0,8.45,100
2026-03-20 09:30:00.390,20260320,93000390,000009.SZ,673456,1,0,8.62,100
2026-03-20 09:30:00.390,20260320,93000390,000009.SZ,673464,1,0,8.71,100
2026-03-20 09:30:00.390,20260320,93000390,000009.SZ,673465,1,0,8.37,100
2026-03-20 09:30:00.390,20260320,93000390,000009.SZ,673468,1,0,8.43,100
2026-03-20 09:30:00.390,20260320,93000390,000009.SZ,673469,1,0,8.4,100
2026-03-20 09:30:00.390,20260320,93000390,000009.SZ,673471,1,0,8.47,100
2026-03-20 09:30:00.390,20260320,93000390,000009.SZ,673474,1,0,8.6,100
2026-03-20 09:30:00.390,20260320,93000390,000009.SZ,673476,1,0,8.65,100
2026-03-20 09:30:00.390,20260320,93000390,000009.SZ,673478,1,0,8.73,100
2026-03-20 09:30:00.390,20260320,93000390,000009.SZ,673479,1,0,8.48,100
2026-03-20 09:30:00.390,20260320,93000390,000009.SZ,673500,1,0,8.26,100
2026-03-20 09:30:00.390,20260320,93000390,000009.SZ,673509,1,0,8.39,100
2026-03-20 09:30:00.390,20260320,93000390,000009.SZ,673536,1,0,8.67,100
2026-03-20 09:30:00.390,20260320,93000390,000009.SZ,673564,1,0,8.31,100
2026-03-20 09:30:00.390,20260320,93000390,000009.SZ,673582,1,0,8.57,100
2026-03-20 09:30:00.390,20260320,93000390,000009.SZ,673625,1,0,8.55,100
2026-03-20 09:30:00.390,20260320,93000390,000009.SZ,673853,1,0,8.29,100
2026-03-20 09:30:00.390,20260320,93000390,000009.SZ,674127,1,0,8.97,2000
2026-03-20 09:30:00.390,20260320,93000390,000009.SZ,674298,1,0,8.51,100
2026-03-20 09:30:00.390,20260320,93000390,000009.SZ,674959,2,0,9.2,10000
2026-03-20 09:30:00.400,20260320,93000400,000009.SZ,675762,2,0,8.98,100
2026-03-20 09:30:00.400,20260320,93000400,000009.SZ,676655,2,0,9.81,272600
2026-03-20 09:30:00.410,20260320,93000410,000009.SZ,678211,1,0,8.95,2000
2026-03-20 09:30:00.420,20260320,93000420,000009.SZ,680176,2,0,9.18,500
2026-03-20 09:30:00.420,20260320,93000420,000009.SZ,680754,2,0,9.8,5000
2026-03-20 09:30:00.430,20260320,93000430,000009.SZ,680914,1,0,8.91,5000
2026-03-20 09:30:00.430,20260320,93000430,000009.SZ,681835,1,0,8.58,100
2026-03-20 09:30:00.450,20260320,93000450,000009.SZ,684155,1,0,8.97,5600
2026-03-20 09:30:00.460,20260320,93000460,000009.SZ,685863,1,0,8.8,2000
2026-03-20 09:30:00.460,20260320,93000460,000009.SZ,686653,2,0,9.14,100
2026-03-20 09:30:00.460,20260320,93000460,000009.SZ,686707,2,0,8.98,100
2026-03-20 09:30:00.480,20260320,93000480,000009.SZ,688895,1,0,8.03,100
2026-03-20 09:30:00.480,20260320,93000480,000009.SZ,690167,1,0,8.97,200
2026-03-20 09:30:00.480,20260320,93000480,000009.SZ,690646,1,0,8.99,100
2026-03-20 09:30:00.490,20260320,93000490,000009.SZ,691369,1,0,8.96,1000
2026-03-20 09:30:00.490,20260320,93000490,000009.SZ,691712,2,0,9.06,100
2026-03-20 09:30:00.490,20260320,93000490,000009.SZ,692227,1,0,8.9,2000
2026-03-20 09:30:00.500,20260320,93000500,000009.SZ,692619,1,0,8.88,1900
2026-03-20 09:30:00.500,20260320,93000500,000009.SZ,692735,1,0,8.68,1000
2026-03-20 09:30:00.500,20260320,93000500,000009.SZ,694067,1,0,8.96,2000
2026-03-20 09:30:00.530,20260320,93000530,000009.SZ,698641,2,0,9.13,2000
2026-03-20 09:30:00.540,20260320,93000540,000009.SZ,699759,1,0,8.82,1000
2026-03-20 09:30:00.540,20260320,93000540,000009.SZ,700815,1,0,8.7,100
2026-03-20 09:30:00.550,20260320,93000550,000009.SZ,701378,2,0,9.51,5100
2026-03-20 09:30:00.550,20260320,93000550,000009.SZ,701413,2,0,9.3,1000
2026-03-20 09:30:00.550,20260320,93000550,000009.SZ,701480,2,0,9.66,800
2026-03-20 09:30:00.550,20260320,93000550,000009.SZ,701683,2,0,9.81,2000
2026-03-20 09:30:00.560,20260320,93000560,000009.SZ,702865,2,0,8.99,100
2026-03-20 09:30:00.560,20260320,93000560,000009.SZ,703544,1,0,8.5,500
2026-03-20 09:30:00.560,20260320,93000560,000009.SZ,703786,1,0,8.96,600
2026-03-20 09:30:00.560,20260320,93000560,000009.SZ,703791,1,0,8.97,2000
2026-03-20 09:30:00.560,20260320,93000560,000009.SZ,703872,2,0,9.53,7000
2026-03-20 09:30:00.580,20260320,93000580,000009.SZ,706307,2,0,9.26,2000
2026-03-20 09:30:00.590,20260320,93000590,000009.SZ,707393,2,0,9.81,5000
2026-03-20 09:30:00.590,20260320,93000590,000009.SZ,707658,1,0,8.97,3000
2026-03-20 09:30:00.600,20260320,93000600,000009.SZ,708530,1,0,8.8,500
2026-03-20 09:30:00.600,20260320,93000600,000009.SZ,708787,1,0,8.92,1000
2026-03-20 09:30:00.600,20260320,93000600,000009.SZ,708954,2,0,9.8,3000
2026-03-20 09:30:00.610,20260320,93000610,000009.SZ,709806,1,0,8.88,5000
2026-03-20 09:30:00.610,20260320,93000610,000009.SZ,709986,2,0,9.52,1800
2026-03-20 09:30:00.610,20260320,93000610,000009.SZ,710293,2,0,9.72,4000
2026-03-20 09:30:00.620,20260320,93000620,000009.SZ,711340,2,0,9.65,3000
2026-03-20 09:30:00.620,20260320,93000620,000009.SZ,711580,2,0,9.05,200
2026-03-20 09:30:00.620,20260320,93000620,000009.SZ,712113,2,0,9.27,800
2026-03-20 09:30:00.640,20260320,93000640,000009.SZ,713968,2,0,9.15,1000
2026-03-20 09:30:00.640,20260320,93000640,000009.SZ,715052,1,0,8.8,2000
2026-03-20 09:30:00.650,20260320,93000650,000009.SZ,715530,2,0,9.02,1200
2026-03-20 09:30:00.650,20260320,93000650,000009.SZ,715553,1,0,9.0,6000
2026-03-20 09:30:00.660,20260320,93000660,000009.SZ,716708,1,0,8.82,1000
2026-03-20 09:30:00.670,20260320,93000670,000009.SZ,719077,2,0,9.05,500
2026-03-20 09:30:00.670,20260320,93000670,000009.SZ,719323,2,0,9.8,2300
2026-03-20 09:30:00.680,20260320,93000680,000009.SZ,720928,1,0,8.84,2000
2026-03-20 09:30:00.690,20260320,93000690,000009.SZ,722122,2,0,9.12,1100
2026-03-20 09:30:00.700,20260320,93000700,000009.SZ,722791,1,0,8.88,600
2026-03-20 09:30:00.700,20260320,93000700,000009.SZ,722845,2,0,9.1,1000
2026-03-20 09:30:00.700,20260320,93000700,000009.SZ,722864,2,0,9.16,1500
2026-03-20 09:30:00.700,20260320,93000700,000009.SZ,722871,1,0,8.96,1000
2026-03-20 09:30:00.700,20260320,93000700,000009.SZ,723269,2,0,9.81,500
2026-03-20 09:30:00.700,20260320,93000700,000009.SZ,723319,1,0,8.9,500
2026-03-20 09:30:00.700,20260320,93000700,000009.SZ,723323,2,0,9.3,700
2026-03-20 09:30:00.710,20260320,93000710,000009.SZ,724329,2,0,9.81,1000
2026-03-20 09:30:00.710,20260320,93000710,000009.SZ,724670,1,0,8.97,300
2026-03-20 09:30:00.740,20260320,93000740,000009.SZ,731219,1,0,8.89,200
2026-03-20 09:30:00.760,20260320,93000760,000009.SZ,733905,1,0,8.88,4200
2026-03-20 09:30:00.760,20260320,93000760,000009.SZ,734100,2,0,9.3,500
2026-03-20 09:30:00.760,20260320,93000760,000009.SZ,734334,2,0,9.33,1000
2026-03-20 09:30:00.760,20260320,93000760,000009.SZ,734914,1,0,8.7,500
2026-03-20 09:30:00.780,20260320,93000780,000009.SZ,737081,2,0,9.81,156900
2026-03-20 09:30:00.780,20260320,93000780,000009.SZ,737116,2,0,9.37,14500
2026-03-20 09:30:00.790,20260320,93000790,000009.SZ,739716,1,0,8.86,20100
2026-03-20 09:30:00.800,20260320,93000800,000009.SZ,740833,1,0,8.88,5000
2026-03-20 09:30:00.810,20260320,93000810,000009.SZ,741143,1,0,8.86,1000
2026-03-20 09:30:00.810,20260320,93000810,000009.SZ,741509,1,0,8.92,5000
2026-03-20 09:30:00.810,20260320,93000810,000009.SZ,741518,2,0,9.0,1000
2026-03-20 09:30:00.820,20260320,93000820,000009.SZ,743115,1,0,8.9,5700
2026-03-20 09:30:00.820,20260320,93000820,000009.SZ,743275,1,0,8.96,200
2026-03-20 09:30:00.830,20260320,93000830,000009.SZ,745278,1,0,8.92,200
2026-03-20 09:30:00.840,20260320,93000840,000009.SZ,745732,2,0,9.44,2500
2026-03-20 09:30:00.850,20260320,93000850,000009.SZ,746787,2,0,9.15,1000
2026-03-20 09:30:00.870,20260320,93000870,000009.SZ,749793,2,0,9.8,300
2026-03-20 09:30:00.880,20260320,93000880,000009.SZ,750342,1,0,8.6,100
2026-03-20 09:30:00.880,20260320,93000880,000009.SZ,750673,2,0,9.66,100
2026-03-20 09:30:00.880,20260320,93000880,000009.SZ,750759,2,0,9.5,1500
2026-03-20 09:30:00.890,20260320,93000890,000009.SZ,751675,2,0,9.44,500
2026-03-20 09:30:00.890,20260320,93000890,000009.SZ,751921,1,0,8.95,1200
2026-03-20 09:30:00.920,20260320,93000920,000009.SZ,756813,2,0,8.97,1000
2026-03-20 09:30:00.920,20260320,93000920,000009.SZ,757448,2,0,9.12,4100
2026-03-20 09:30:00.930,20260320,93000930,000009.SZ,758249,2,0,9.16,500
2026-03-20 09:30:00.930,20260320,93000930,000009.SZ,758346,2,0,9.1,5000
2026-03-20 09:30:00.940,20260320,93000940,000009.SZ,759477,1,0,8.03,100
2026-03-20 09:30:00.970,20260320,93000970,000009.SZ,761749,1,0,8.9,5900
2026-03-20 09:30:00.970,20260320,93000970,000009.SZ,762163,2,0,8.96,1000
2026-03-20 09:30:00.970,20260320,93000970,000009.SZ,762302,1,0,8.91,1000
2026-03-20 09:30:00.970,20260320,93000970,000009.SZ,762479,1,0,8.69,100
2026-03-20 09:30:00.970,20260320,93000970,000009.SZ,762764,1,0,8.93,1000
2026-03-20 09:30:00.980,20260320,93000980,000009.SZ,762923,2,0,8.98,1000
2026-03-20 09:30:00.990,20260320,93000990,000009.SZ,764068,2,0,9.2,400
2026-03-20 09:30:00.990,20260320,93000990,000009.SZ,764435,2,0,9.05,1000
2026-03-20 09:30:00.990,20260320,93000990,000009.SZ,765028,2,0,8.97,500
2026-03-20 09:30:01.000,20260320,93001000,000009.SZ,765091,2,0,8.97,600
2026-03-20 09:30:01.000,20260320,93001000,000009.SZ,765556,2,0,9.15,60500
2026-03-20 09:30:01.010,20260320,93001010,000009.SZ,766640,2,0,9.18,800
2026-03-20 09:30:01.010,20260320,93001010,000009.SZ,766906,2,0,9.81,300
2026-03-20 09:30:01.020,20260320,93001020,000009.SZ,768244,2,0,9.07,24600
2026-03-20 09:30:01.020,20260320,93001020,000009.SZ,768799,1,0,8.88,800
2026-03-20 09:30:01.030,20260320,93001030,000009.SZ,769164,2,0,9.18,2000
2026-03-20 09:30:01.040,20260320,93001040,000009.SZ,769997,2,0,9.8,2100
2026-03-20 09:30:01.040,20260320,93001040,000009.SZ,770244,1,0,8.9,1000
2026-03-20 09:30:01.050,20260320,93001050,000009.SZ,771188,2,0,9.27,1500
2026-03-20 09:30:01.050,20260320,93001050,000009.SZ,771330,2,0,9.36,400
2026-03-20 09:30:01.070,20260320,93001070,000009.SZ,773219,2,0,8.99,4800
2026-03-20 09:30:01.080,20260320,93001080,000009.SZ,774357,2,0,9.81,3000
2026-03-20 09:30:01.100,20260320,93001100,000009.SZ,777697,2,0,9.65,2000
2026-03-20 09:30:01.110,20260320,93001110,000009.SZ,778968,2,0,9.27,500
2026-03-20 09:30:01.120,20260320,93001120,000009.SZ,779656,1,0,8.9,600
2026-03-20 09:30:01.120,20260320,93001120,000009.SZ,779998,2,0,9.06,1000
2026-03-20 09:30:01.130,20260320,93001130,000009.SZ,780149,2,0,9.01,1000
2026-03-20 09:30:01.130,20260320,93001130,000009.SZ,780376,2,0,9.49,3200
2026-03-20 09:30:01.130,20260320,93001130,000009.SZ,780853,2,0,9.81,200
2026-03-20 09:30:01.200,20260320,93001200,000009.SZ,785635,2,0,9.68,4000
2026-03-20 09:30:01.200,20260320,93001200,000009.SZ,785916,2,0,9.15,3000
2026-03-20 09:30:01.230,20260320,93001230,000009.SZ,788362,2,0,9.11,3000
2026-03-20 09:30:01.230,20260320,93001230,000009.SZ,788394,2,0,9.81,4400
2026-03-20 09:30:01.260,20260320,93001260,000009.SZ,790818,2,0,8.97,200
2026-03-20 09:30:01.260,20260320,93001260,000009.SZ,790981,2,0,9.45,200
2026-03-20 09:30:01.290,20260320,93001290,000009.SZ,793754,1,0,8.96,1500
2026-03-20 09:30:01.290,20260320,93001290,000009.SZ,794346,2,0,9.32,2000
2026-03-20 09:30:01.300,20260320,93001300,000009.SZ,794663,1,0,8.97,100
2026-03-20 09:30:01.310,20260320,93001310,000009.SZ,796679,1,0,8.9,1000
2026-03-20 09:30:01.320,20260320,93001320,000009.SZ,798007,2,0,9.8,1800
2026-03-20 09:30:01.330,20260320,93001330,000009.SZ,798851,2,0,8.98,200
2026-03-20 09:30:01.340,20260320,93001340,000009.SZ,800016,2,0,9.6,100
2026-03-20 09:30:01.350,20260320,93001350,000009.SZ,800376,1,0,8.89,2000
2026-03-20 09:30:01.350,20260320,93001350,000009.SZ,800546,2,0,8.97,200
2026-03-20 09:30:01.350,20260320,93001350,000009.SZ,800755,1,0,8.82,1200
2026-03-20 09:30:01.350,20260320,93001350,000009.SZ,801378,1,0,8.97,1400
2026-03-20 09:30:01.360,20260320,93001360,000009.SZ,801701,1,0,8.82,200
2026-03-20 09:30:01.360,20260320,93001360,000009.SZ,802339,2,0,9.65,50000
2026-03-20 09:30:01.380,20260320,93001380,000009.SZ,803324,2,0,8.96,1000
2026-03-20 09:30:01.380,20260320,93001380,000009.SZ,803612,2,0,8.97,200
2026-03-20 09:30:01.380,20260320,93001380,000009.SZ,803728,2,0,8.97,600
2026-03-20 09:30:01.380,20260320,93001380,000009.SZ,804179,1,0,8.97,5500
2026-03-20 09:30:01.410,20260320,93001410,000009.SZ,806442,2,0,9.6,50000
2026-03-20 09:30:01.410,20260320,93001410,000009.SZ,806757,2,0,9.75,50000
2026-03-20 09:30:01.420,20260320,93001420,000009.SZ,806859,1,0,8.5,10000
2026-03-20 09:30:01.430,20260320,93001430,000009.SZ,808163,1,0,8.5,1000
2026-03-20 09:30:01.430,20260320,93001430,000009.SZ,808266,1,0,8.97,200
2026-03-20 09:30:01.460,20260320,93001460,000009.SZ,809975,1,0,8.97,300
2026-03-20 09:30:01.500,20260320,93001500,000009.SZ,814141,2,0,9.23,2000
2026-03-20 09:30:01.520,20260320,93001520,000009.SZ,815506,2,0,9.78,1000
2026-03-20 09:30:01.580,20260320,93001580,000009.SZ,821454,1,0,8.87,1000
2026-03-20 09:30:01.590,20260320,93001590,000009.SZ,822305,2,0,9.25,2000
2026-03-20 09:30:01.610,20260320,93001610,000009.SZ,824208,2,0,9.38,1000
2026-03-20 09:30:01.620,20260320,93001620,000009.SZ,825006,2,0,9.02,2000
2026-03-20 09:30:01.620,20260320,93001620,000009.SZ,825449,1,0,8.93,10400
2026-03-20 09:30:01.630,20260320,93001630,000009.SZ,826086,2,0,9.1,200
2026-03-20 09:30:01.650,20260320,93001650,000009.SZ,828427,2,0,9.17,4000
2026-03-20 09:30:01.670,20260320,93001670,000009.SZ,831004,1,0,8.97,2000
2026-03-20 09:30:01.690,20260320,93001690,000009.SZ,832724,2,0,9.81,100
2026-03-20 09:30:01.690,20260320,93001690,000009.SZ,833122,1,0,8.96,500
2026-03-20 09:30:01.720,20260320,93001720,000009.SZ,835502,1,0,8.98,2000
2026-03-20 09:30:01.730,20260320,93001730,000009.SZ,836836,2,0,9.16,200
2026-03-20 09:30:01.740,20260320,93001740,000009.SZ,837369,2,0,9.46,500
2026-03-20 09:30:01.740,20260320,93001740,000009.SZ,837373,2,0,9.04,1000
2026-03-20 09:30:01.790,20260320,93001790,000009.SZ,842229,2,0,9.1,35900
2026-03-20 09:30:01.790,20260320,93001790,000009.SZ,842231,2,0,8.98,5000
2026-03-20 09:30:01.800,20260320,93001800,000009.SZ,842829,1,0,8.8,14100
2026-03-20 09:30:01.810,20260320,93001810,000009.SZ,844117,2,0,9.2,35900
2026-03-20 09:30:01.820,20260320,93001820,000009.SZ,844454,2,0,9.52,1000
2026-03-20 09:30:01.820,20260320,93001820,000009.SZ,844932,1,0,8.41,500
2026-03-20 09:30:01.870,20260320,93001870,000009.SZ,849087,1,0,8.98,100
2026-03-20 09:30:01.890,20260320,93001890,000009.SZ,850362,2,0,8.98,1700
2026-03-20 09:30:01.890,20260320,93001890,000009.SZ,850369,2,0,8.98,18300
2026-03-20 09:30:01.890,20260320,93001890,000009.SZ,850642,2,0,9.1,6200
2026-03-20 09:30:01.890,20260320,93001890,000009.SZ,850995,2,0,8.98,1900
2026-03-20 09:30:01.920,20260320,93001920,000009.SZ,852744,2,0,9.55,500
2026-03-20 09:30:01.930,20260320,93001930,000009.SZ,853847,1,0,8.9,200
2026-03-20 09:30:01.960,20260320,93001960,000009.SZ,855579,1,0,8.88,500
2026-03-20 09:30:01.960,20260320,93001960,000009.SZ,855871,2,0,9.31,100
2026-03-20 09:30:01.960,20260320,93001960,000009.SZ,855964,2,0,9.68,10000
2026-03-20 09:30:01.980,20260320,93001980,000009.SZ,856866,1,0,8.97,1000
2026-03-20 09:30:01.980,20260320,93001980,000009.SZ,857205,1,0,8.97,1000
2026-03-20 09:30:02.000,20260320,93002000,000009.SZ,858237,2,0,9.12,5000
2026-03-20 09:30:02.000,20260320,93002000,000009.SZ,858998,2,0,8.98,300
2026-03-20 09:30:02.030,20260320,93002030,000009.SZ,862268,1,0,8.88,1000
2026-03-20 09:30:02.080,20260320,93002080,000009.SZ,866343,2,0,9.22,19800
2026-03-20 09:30:02.100,20260320,93002100,000009.SZ,867848,2,0,9.12,10200
2026-03-20 09:30:02.180,20260320,93002180,000009.SZ,872446,2,0,9.3,1900
2026-03-20 09:30:02.240,20260320,93002240,000009.SZ,876109,2,0,9.04,15000
2026-03-20 09:30:02.250,20260320,93002250,000009.SZ,876334,2,0,9.17,200
2026-03-20 09:30:02.260,20260320,93002260,000009.SZ,876789,2,0,9.81,500
2026-03-20 09:30:02.260,20260320,93002260,000009.SZ,877257,2,0,9.38,6000
2026-03-20 09:30:02.290,20260320,93002290,000009.SZ,879258,2,0,9.25,1500
2026-03-20 09:30:02.290,20260320,93002290,000009.SZ,879391,2,0,9.8,2300
2026-03-20 09:30:02.290,20260320,93002290,000009.SZ,879427,2,0,9.07,500
2026-03-20 09:30:02.290,20260320,93002290,000009.SZ,879554,2,0,9.2,500
2026-03-20 09:30:02.320,20260320,93002320,000009.SZ,881765,2,0,9.81,2000
2026-03-20 09:30:02.330,20260320,93002330,000009.SZ,882701,1,0,8.92,300
2026-03-20 09:30:02.340,20260320,93002340,000009.SZ,883767,2,0,9.11,30000
2026-03-20 09:30:02.340,20260320,93002340,000009.SZ,884039,1,0,8.8,500
2026-03-20 09:30:02.340,20260320,93002340,000009.SZ,884122,1,0,8.9,2000
2026-03-20 09:30:02.380,20260320,93002380,000009.SZ,886515,2,0,9.65,500
2026-03-20 09:30:02.380,20260320,93002380,000009.SZ,886531,1,0,8.65,500
2026-03-20 09:30:02.380,20260320,93002380,000009.SZ,886698,2,0,9.19,500
2026-03-20 09:30:02.410,20260320,93002410,000009.SZ,888911,1,0,8.97,500
2026-03-20 09:30:02.560,20260320,93002560,000009.SZ,898915,2,0,9.8,3000
2026-03-20 09:30:02.560,20260320,93002560,000009.SZ,898929,1,0,8.97,1100
2026-03-20 09:30:02.560,20260320,93002560,000009.SZ,898944,1,0,8.83,400
2026-03-20 09:30:02.570,20260320,93002570,000009.SZ,899205,1,0,8.97,2000
2026-03-20 09:30:02.570,20260320,93002570,000009.SZ,899209,1,0,8.96,600
2026-03-20 09:30:02.580,20260320,93002580,000009.SZ,899700,1,0,8.97,10000
2026-03-20 09:30:02.590,20260320,93002590,000009.SZ,900570,2,0,8.97,600
2026-03-20 09:30:02.590,20260320,93002590,000009.SZ,900577,2,0,8.97,300
2026-03-20 09:30:02.590,20260320,93002590,000009.SZ,900581,2,0,8.97,800
2026-03-20 09:30:02.590,20260320,93002590,000009.SZ,900585,2,0,8.97,1400
2026-03-20 09:30:02.590,20260320,93002590,000009.SZ,900588,2,0,8.97,1100
2026-03-20 09:30:02.600,20260320,93002600,000009.SZ,900818,2,0,8.97,300
2026-03-20 09:30:02.600,20260320,93002600,000009.SZ,900821,2,0,8.97,1000
2026-03-20 09:30:02.600,20260320,93002600,000009.SZ,900931,2,0,8.97,200
2026-03-20 09:30:02.610,20260320,93002610,000009.SZ,901693,1,0,9.0,400
2026-03-20 09:30:02.660,20260320,93002660,000009.SZ,903970,2,0,9.81,500
2026-03-20 09:30:02.670,20260320,93002670,000009.SZ,904608,2,0,9.05,6000
2026-03-20 09:30:02.680,20260320,93002680,000009.SZ,904872,1,0,8.97,100
2026-03-20 09:30:02.700,20260320,93002700,000009.SZ,906685,2,0,9.46,500
2026-03-20 09:30:02.710,20260320,93002710,000009.SZ,907475,2,0,9.3,600
2026-03-20 09:30:02.730,20260320,93002730,000009.SZ,908783,2,0,9.7,200
2026-03-20 09:30:02.740,20260320,93002740,000009.SZ,909345,2,0,8.98,1000
2026-03-20 09:30:02.780,20260320,93002780,000009.SZ,912367,1,0,8.97,100
2026-03-20 09:30:02.800,20260320,93002800,000009.SZ,913283,1,0,8.8,800
2026-03-20 09:30:02.800,20260320,93002800,000009.SZ,913286,2,0,9.2,1200
2026-03-20 09:30:02.810,20260320,93002810,000009.SZ,913781,1,0,8.92,1000
2026-03-20 09:30:02.880,20260320,93002880,000009.SZ,917618,2,0,9.81,55200
2026-03-20 09:30:02.890,20260320,93002890,000009.SZ,917965,2,0,9.2,5500
2026-03-20 09:30:02.890,20260320,93002890,000009.SZ,918082,2,0,9.3,300
2026-03-20 09:30:02.950,20260320,93002950,000009.SZ,921435,2,0,9.26,2000
2026-03-20 09:30:02.960,20260320,93002960,000009.SZ,921958,2,0,9.08,5000
2026-03-20 09:30:02.970,20260320,93002970,000009.SZ,922219,1,0,8.88,500
2026-03-20 09:30:02.980,20260320,93002980,000009.SZ,922973,2,0,9.3,6000
2026-03-20 09:30:02.990,20260320,93002990,000009.SZ,924007,2,0,9.49,3000
2026-03-20 09:30:03.050,20260320,93003050,000009.SZ,927493,2,0,8.98,200
2026-03-20 09:30:03.060,20260320,93003060,000009.SZ,928233,2,0,9.59,400
2026-03-20 09:30:03.090,20260320,93003090,000009.SZ,929560,2,0,9.05,1000
2026-03-20 09:30:03.090,20260320,93003090,000009.SZ,930127,1,0,8.9,300
2026-03-20 09:30:03.100,20260320,93003100,000009.SZ,930382,2,0,9.08,2000
2026-03-20 09:30:03.100,20260320,93003100,000009.SZ,930533,2,0,9.2,500
2026-03-20 09:30:03.100,20260320,93003100,000009.SZ,930666,1,0,8.98,600
2026-03-20 09:30:03.110,20260320,93003110,000009.SZ,930888,1,0,8.81,1000
2026-03-20 09:30:03.150,20260320,93003150,000009.SZ,933023,2,0,8.98,300
2026-03-20 09:30:03.150,20260320,93003150,000009.SZ,933065,2,0,8.98,300
2026-03-20 09:30:03.150,20260320,93003150,000009.SZ,933311,1,0,8.98,4200
2026-03-20 09:30:03.150,20260320,93003150,000009.SZ,933314,1,0,8.98,500
2026-03-20 09:30:03.150,20260320,93003150,000009.SZ,933360,1,0,8.98,2100
2026-03-20 09:30:03.150,20260320,93003150,000009.SZ,933364,1,0,8.98,1800
2026-03-20 09:30:03.150,20260320,93003150,000009.SZ,933366,1,0,8.98,300
2026-03-20 09:30:03.150,20260320,93003150,000009.SZ,933368,1,0,8.98,2000
2026-03-20 09:30:03.150,20260320,93003150,000009.SZ,933386,1,0,8.98,7200
2026-03-20 09:30:03.160,20260320,93003160,000009.SZ,933523,1,0,8.98,500
2026-03-20 09:30:03.180,20260320,93003180,000009.SZ,934391,1,0,8.79,1000
2026-03-20 09:30:03.260,20260320,93003260,000009.SZ,939221,2,0,9.81,3000
2026-03-20 09:30:03.270,20260320,93003270,000009.SZ,939942,1,0,8.78,500
2026-03-20 09:30:03.290,20260320,93003290,000009.SZ,941582,1,0,8.85,2000
2026-03-20 09:30:03.300,20260320,93003300,000009.SZ,942459,2,0,8.97,100
2026-03-20 09:30:03.360,20260320,93003360,000009.SZ,947421,1,0,8.97,1000
2026-03-20 09:30:03.360,20260320,93003360,000009.SZ,947533,1,0,9.0,12000
2026-03-20 09:30:03.420,20260320,93003420,000009.SZ,951814,2,0,9.17,1000
2026-03-20 09:30:03.430,20260320,93003430,000009.SZ,952775,2,0,9.66,3000
2026-03-20 09:30:03.450,20260320,93003450,000009.SZ,953774,1,0,8.8,1000
2026-03-20 09:30:03.460,20260320,93003460,000009.SZ,954556,2,0,9.03,500
2026-03-20 09:30:03.470,20260320,93003470,000009.SZ,954818,2,0,9.58,1000
2026-03-20 09:30:03.490,20260320,93003490,000009.SZ,955960,1,0,8.92,500
2026-03-20 09:30:03.500,20260320,93003500,000009.SZ,956092,2,0,8.98,1000
2026-03-20 09:30:03.550,20260320,93003550,000009.SZ,959753,2,0,9.0,146
2026-03-20 09:30:03.570,20260320,93003570,000009.SZ,960690,2,0,8.96,500
2026-03-20 09:30:03.580,20260320,93003580,000009.SZ,961176,2,0,8.99,100
2026-03-20 09:30:03.580,20260320,93003580,000009.SZ,961191,2,0,8.99,100
2026-03-20 09:30:03.580,20260320,93003580,000009.SZ,961370,2,0,8.99,300
2026-03-20 09:30:03.580,20260320,93003580,000009.SZ,961371,2,0,8.99,500
2026-03-20 09:30:03.580,20260320,93003580,000009.SZ,961590,2,0,8.99,1000
2026-03-20 09:30:03.590,20260320,93003590,000009.SZ,961671,2,0,8.99,500
2026-03-20 09:30:03.590,20260320,93003590,000009.SZ,961988,2,0,8.99,1400
2026-03-20 09:30:03.650,20260320,93003650,000009.SZ,965282,2,0,9.3,300
2026-03-20 09:30:03.690,20260320,93003690,000009.SZ,967567,2,0,9.81,1300
2026-03-20 09:30:03.750,20260320,93003750,000009.SZ,970577,1,0,8.8,1000
2026-03-20 09:30:03.760,20260320,93003760,000009.SZ,971427,1,0,8.5,100
2026-03-20 09:30:03.770,20260320,93003770,000009.SZ,971574,2,0,9.81,500
2026-03-20 09:30:03.770,20260320,93003770,000009.SZ,971791,1,0,8.92,3000
2026-03-20 09:30:03.870,20260320,93003870,000009.SZ,975947,1,0,8.98,100
2026-03-20 09:30:03.940,20260320,93003940,000009.SZ,978061,2,0,9.28,1000
2026-03-20 09:30:03.980,20260320,93003980,000009.SZ,979579,2,0,8.97,600
2026-03-20 09:30:04.000,20260320,93004000,000009.SZ,980963,1,0,8.96,1000
2026-03-20 09:30:04.010,20260320,93004010,000009.SZ,981569,2,0,8.98,300
2026-03-20 09:30:04.040,20260320,93004040,000009.SZ,982486,1,0,8.85,100
2026-03-20 09:30:04.060,20260320,93004060,000009.SZ,983256,1,0,8.93,500
2026-03-20 09:30:04.060,20260320,93004060,000009.SZ,983260,2,0,9.3,2000
2026-03-20 09:30:04.090,20260320,93004090,000009.SZ,984697,2,0,9.05,400
2026-03-20 09:30:04.160,20260320,93004160,000009.SZ,987081,1,0,8.97,2400
2026-03-20 09:30:04.210,20260320,93004210,000009.SZ,989775,1,0,8.96,1000
2026-03-20 09:30:04.290,20260320,93004290,000009.SZ,992791,2,0,8.99,1000
2026-03-20 09:30:04.350,20260320,93004350,000009.SZ,995962,2,0,9.08,800
2026-03-20 09:30:04.380,20260320,93004380,000009.SZ,997581,2,0,9.5,4000
2026-03-20 09:30:04.510,20260320,93004510,000009.SZ,1006379,2,0,8.98,1100
2026-03-20 09:30:04.600,20260320,93004600,000009.SZ,1009981,2,0,9.3,800
2026-03-20 09:30:04.730,20260320,93004730,000009.SZ,1014574,2,0,9.13,2300
2026-03-20 09:30:04.850,20260320,93004850,000009.SZ,1020217,1,0,8.77,3000
2026-03-20 09:30:04.870,20260320,93004870,000009.SZ,1020867,1,0,9.0,100
2026-03-20 09:30:04.920,20260320,93004920,000009.SZ,1022062,2,0,9.04,200
2026-03-20 09:30:04.920,20260320,93004920,000009.SZ,1022066,1,0,8.9,200
2026-03-20 09:30:04.950,20260320,93004950,000009.SZ,1022955,2,0,9.05,500
2026-03-20 09:30:04.950,20260320,93004950,000009.SZ,1023012,1,0,8.94,500
2026-03-20 09:30:05.040,20260320,93005040,000009.SZ,1026010,1,0,8.97,300
2026-03-20 09:30:05.080,20260320,93005080,000009.SZ,1027290,1,0,8.91,500
2026-03-20 09:30:05.230,20260320,93005230,000009.SZ,1030364,1,0,8.97,800
2026-03-20 09:30:05.290,20260320,93005290,000009.SZ,1031949,2,0,9.81,3000
2026-03-20 09:30:05.340,20260320,93005340,000009.SZ,1034137,2,0,9.16,500
2026-03-20 09:30:05.380,20260320,93005380,000009.SZ,1035038,2,0,9.34,500
2026-03-20 09:30:05.540,20260320,93005540,000009.SZ,1038831,2,0,9.16,1700
2026-03-20 09:30:05.550,20260320,93005550,000009.SZ,1039024,1,0,8.83,1300
2026-03-20 09:30:05.550,20260320,93005550,000009.SZ,1039054,2,0,9.65,500
2026-03-20 09:30:05.580,20260320,93005580,000009.SZ,1039650,1,0,8.96,1100
2026-03-20 09:30:05.730,20260320,93005730,000009.SZ,1042918,1,0,8.96,200
2026-03-20 09:30:05.970,20260320,93005970,000009.SZ,1047178,2,0,9.31,2000
2026-03-20 09:30:06.150,20260320,93006150,000009.SZ,1050986,1,0,8.98,100
2026-03-20 09:30:06.150,20260320,93006150,000009.SZ,1051169,1,0,8.98,400
2026-03-20 09:30:06.150,20260320,93006150,000009.SZ,1051173,1,0,8.98,300
2026-03-20 09:30:06.150,20260320,93006150,000009.SZ,1051178,1,0,8.98,200
2026-03-20 09:30:06.150,20260320,93006150,000009.SZ,1051211,1,0,8.98,300
2026-03-20 09:30:06.150,20260320,93006150,000009.SZ,1051222,1,0,8.98,200
2026-03-20 09:30:06.150,20260320,93006150,000009.SZ,1051269,1,0,8.98,200
2026-03-20 09:30:06.150,20260320,93006150,000009.SZ,1051331,1,0,8.98,600
2026-03-20 09:30:06.150,20260320,93006150,000009.SZ,1051370,1,0,8.98,2200
2026-03-20 09:30:06.160,20260320,93006160,000009.SZ,1051419,1,0,8.98,500
2026-03-20 09:30:06.170,20260320,93006170,000009.SZ,1051698,1,0,8.98,100
2026-03-20 09:30:06.180,20260320,93006180,000009.SZ,1051825,1,0,8.98,100
2026-03-20 09:30:06.180,20260320,93006180,000009.SZ,1051892,1,0,8.98,300
2026-03-20 09:30:06.200,20260320,93006200,000009.SZ,1052316,1,0,8.98,200
2026-03-20 09:30:06.210,20260320,93006210,000009.SZ,1052412,1,0,8.98,100
2026-03-20 09:30:06.250,20260320,93006250,000009.SZ,1053028,2,0,8.97,100
2026-03-20 09:30:06.300,20260320,93006300,000009.SZ,1054951,2,0,9.12,400
2026-03-20 09:30:06.300,20260320,93006300,000009.SZ,1054963,2,0,9.21,2000
2026-03-20 09:30:06.340,20260320,93006340,000009.SZ,1057372,1,0,8.76,3000
2026-03-20 09:30:06.380,20260320,93006380,000009.SZ,1060324,2,0,8.97,100
2026-03-20 09:30:06.690,20260320,93006690,000009.SZ,1071415,1,0,8.87,1000
2026-03-20 09:30:06.970,20260320,93006970,000009.SZ,1078387,1,0,8.98,700
2026-03-20 09:30:07.030,20260320,93007030,000009.SZ,1079842,2,0,9.14,1200
2026-03-20 09:30:07.140,20260320,93007140,000009.SZ,1081642,1,0,8.98,500
2026-03-20 09:30:07.210,20260320,93007210,000009.SZ,1083304,2,0,8.98,1000
2026-03-20 09:30:07.230,20260320,93007230,000009.SZ,1083889,1,0,8.98,1300
2026-03-20 09:30:07.430,20260320,93007430,000009.SZ,1090755,1,0,8.98,2000
2026-03-20 09:30:07.720,20260320,93007720,000009.SZ,1099776,2,0,9.2,800
2026-03-20 09:30:07.790,20260320,93007790,000009.SZ,1103004,1,0,8.99,11100
2026-03-20 09:30:08.220,20260320,93008220,000009.SZ,1112692,2,0,8.89,1200
2026-03-20 09:30:08.310,20260320,93008310,000009.SZ,1114179,2,0,8.93,53
2026-03-20 09:30:08.340,20260320,93008340,000009.SZ,1114705,2,0,9.4,10000
2026-03-20 09:30:08.570,20260320,93008570,000009.SZ,1118063,2,0,8.96,1200
2026-03-20 09:30:08.690,20260320,93008690,000009.SZ,1119548,1,0,8.85,5000
2026-03-20 09:30:08.760,20260320,93008760,000009.SZ,1120789,1,0,8.98,1300
2026-03-20 09:30:09.020,20260320,93009020,000009.SZ,1125009,2,0,9.19,2000
2026-03-20 09:30:09.150,20260320,93009150,000009.SZ,1127269,1,0,9.02,200
2026-03-20 09:30:09.150,20260320,93009150,000009.SZ,1127276,1,0,8.98,600
2026-03-20 09:30:09.180,20260320,93009180,000009.SZ,1128392,2,0,8.98,100
2026-03-20 09:30:09.230,20260320,93009230,000009.SZ,1129457,2,0,8.93,2600
2026-03-20 09:30:09.320,20260320,93009320,000009.SZ,1132115,1,0,8.88,2000
2026-03-20 09:30:09.420,20260320,93009420,000009.SZ,1134513,2,0,9.18,1000
2026-03-20 09:30:09.460,20260320,93009460,000009.SZ,1135411,2,0,8.82,1200
2026-03-20 09:30:09.750,20260320,93009750,000009.SZ,1142323,2,0,8.98,800
2026-03-20 09:30:09.860,20260320,93009860,000009.SZ,1144277,2,0,9.3,500
2026-03-20 09:30:10.020,20260320,93010020,000009.SZ,1146587,1,0,8.98,900
2026-03-20 09:30:11.020,20260320,93011020,000009.SZ,1166647,2,0,9.48,1600
2026-03-20 09:30:11.350,20260320,93011350,000009.SZ,1170775,2,0,9.81,400
2026-03-20 09:30:11.480,20260320,93011480,000009.SZ,1172368,2,0,9.8,500
2026-03-20 09:30:11.940,20260320,93011940,000009.SZ,1177349,2,0,8.97,5700
2026-03-20 09:30:12.150,20260320,93012150,000009.SZ,1179882,2,0,8.98,100
2026-03-20 09:30:12.150,20260320,93012150,000009.SZ,1179890,2,0,8.98,200
2026-03-20 09:30:12.150,20260320,93012150,000009.SZ,1179897,2,0,8.98,400
2026-03-20 09:30:12.150,20260320,93012150,000009.SZ,1179909,2,0,8.98,100
2026-03-20 09:30:12.150,20260320,93012150,000009.SZ,1179955,2,0,8.98,300
2026-03-20 09:30:12.150,20260320,93012150,000009.SZ,1179956,2,0,8.98,300
2026-03-20 09:30:12.150,20260320,93012150,000009.SZ,1179976,2,0,8.98,300
2026-03-20 09:30:12.150,20260320,93012150,000009.SZ,1180005,2,0,8.98,300
2026-03-20 09:30:12.160,20260320,93012160,000009.SZ,1180075,2,0,8.98,100
2026-03-20 09:30:12.160,20260320,93012160,000009.SZ,1180106,2,0,8.98,900
2026-03-20 09:30:12.170,20260320,93012170,000009.SZ,1180209,2,0,8.99,1300
2026-03-20 09:30:12.170,20260320,93012170,000009.SZ,1180296,2,0,8.98,1700
2026-03-20 09:30:12.180,20260320,93012180,000009.SZ,1180431,2,0,8.99,200
2026-03-20 09:30:12.180,20260320,93012180,000009.SZ,1180458,2,0,8.99,200
2026-03-20 09:30:12.260,20260320,93012260,000009.SZ,1182324,2,0,8.98,600
2026-03-20 09:30:12.340,20260320,93012340,000009.SZ,1184233,1,0,8.99,100
2026-03-20 09:30:12.410,20260320,93012410,000009.SZ,1186259,2,0,8.98,400
2026-03-20 09:30:12.410,20260320,93012410,000009.SZ,1186304,2,0,8.98,100
2026-03-20 09:30:12.420,20260320,93012420,000009.SZ,1186496,2,0,8.98,1100
2026-03-20 09:30:12.520,20260320,93012520,000009.SZ,1187883,1,0,8.98,2300
2026-03-20 09:30:12.810,20260320,93012810,000009.SZ,1194648,1,0,8.91,2000
2026-03-20 09:30:12.970,20260320,93012970,000009.SZ,1196766,1,0,8.98,3100
2026-03-20 09:30:13.010,20260320,93013010,000009.SZ,1197329,1,0,8.98,6700
2026-03-20 09:30:13.050,20260320,93013050,000009.SZ,1197858,1,0,8.98,5200
2026-03-20 09:30:13.060,20260320,93013060,000009.SZ,1198018,2,0,8.98,200
2026-03-20 09:30:13.060,20260320,93013060,000009.SZ,1198022,2,0,8.98,100
