timestamp,date,stamp,code,match_no,bs_flag,bid_order_no,ask_order_no,match_price,match_volume,match_amount
2026-04-03 09:15:00.040,20260403,91500040,000009.SZ,3559,-1,0,1979,0.0,200,0.0
2026-04-03 09:15:01.940,20260403,91501940,000009.SZ,173617,-1,0,173614,0.0,2100,0.0
2026-04-03 09:15:04.240,20260403,91504240,000009.SZ,209682,-1,209601,0,0.0,400,0.0
2026-04-03 09:15:35.320,20260403,91535320,000009.SZ,225032,-1,221292,0,0.0,1100,0.0
2026-04-03 09:15:44.020,20260403,91544020,000009.SZ,226627,-1,0,62009,0.0,3000,0.0
2026-04-03 09:15:56.990,20260403,91556990,000009.SZ,229278,-1,2877,0,0.0,400,0.0
2026-04-03 09:16:19.620,20260403,91619620,000009.SZ,234194,-1,0,231656,0.0,1000,0.0
2026-04-03 09:16:38.780,20260403,91638780,000009.SZ,238645,-1,0,234276,0.0,2000,0.0
2026-04-03 09:17:02.290,20260403,91702290,000009.SZ,243982,-1,0,237695,0.0,1000,0.0
2026-04-03 09:17:12.870,20260403,91712870,000009.SZ,246410,-1,126530,0,0.0,50300,0.0
2026-04-03 09:17:58.420,20260403,91758420,000009.SZ,257788,-1,98987,0,0.0,1100,0.0
2026-04-03 09:18:05.270,20260403,91805270,000009.SZ,259596,-1,0,229471,0.0,21200,0.0
2026-04-03 09:18:07.230,20260403,91807230,000009.SZ,260113,-1,0,175211,0.0,3000,0.0
2026-04-03 09:18:34.630,20260403,91834630,000009.SZ,267571,-1,0,262000,0.0,100,0.0
2026-04-03 09:18:41.750,20260403,91841750,000009.SZ,269422,-1,0,245667,0.0,1000,0.0
2026-04-03 09:19:08.500,20260403,91908500,000009.SZ,276769,-1,258290,0,0.0,1000,0.0
2026-04-03 09:25:00.000,20260403,92500000,000009.SZ,428241,2,229848,353686,8.68,4400,38192.0
2026-04-03 09:25:00.000,20260403,92500000,000009.SZ,428242,1,415505,353686,8.68,100,868.0
2026-04-03 09:25:00.000,20260403,92500000,000009.SZ,428243,1,415558,353686,8.68,100,868.0
2026-04-03 09:25:00.000,20260403,92500000,000009.SZ,428244,1,398615,353686,8.68,600,5208.0
2026-04-03 09:25:00.000,20260403,92500000,000009.SZ,428245,1,403337,353686,8.68,2800,24304.0
2026-04-03 09:25:00.000,20260403,92500000,000009.SZ,428246,1,403337,369204,8.68,2000,17360.0
2026-04-03 09:25:00.000,20260403,92500000,000009.SZ,428247,1,403337,389026,8.68,1000,8680.0
2026-04-03 09:25:00.000,20260403,92500000,000009.SZ,428248,1,403337,291391,8.68,100,868.0
2026-04-03 09:25:00.000,20260403,92500000,000009.SZ,428249,1,403337,402955,8.68,100,868.0
2026-04-03 09:25:00.000,20260403,92500000,000009.SZ,428250,2,403337,412220,8.68,100,868.0
2026-04-03 09:25:00.000,20260403,92500000,000009.SZ,428251,2,403337,410132,8.68,100,868.0
2026-04-03 09:25:00.000,20260403,92500000,000009.SZ,428252,2,403337,412093,8.68,900,7812.0
2026-04-03 09:25:00.000,20260403,92500000,000009.SZ,428253,1,403337,29227,8.68,500,4340.0
2026-04-03 09:25:00.000,20260403,92500000,000009.SZ,428254,1,403337,35963,8.68,300,2604.0
2026-04-03 09:25:00.000,20260403,92500000,000009.SZ,428255,1,403337,104853,8.68,100,868.0
2026-04-03 09:25:00.000,20260403,92500000,000009.SZ,428256,1,403337,351472,8.68,1000,8680.0
2026-04-03 09:25:00.000,20260403,92500000,000009.SZ,428257,1,403337,178590,8.68,2600,22568.0
2026-04-03 09:25:00.000,20260403,92500000,000009.SZ,428258,1,416335,199761,8.68,1000,8680.0
2026-04-03 09:25:00.000,20260403,92500000,000009.SZ,428259,1,416335,303064,8.68,3900,33852.0
2026-04-03 09:25:00.000,20260403,92500000,000009.SZ,428260,1,416335,324810,8.68,1100,9548.0
2026-04-03 09:25:00.000,20260403,92500000,000009.SZ,428261,1,416335,337569,8.68,100,868.0
2026-04-03 09:25:00.000,20260403,92500000,000009.SZ,428262,2,416335,424298,8.68,2700,23436.0
2026-04-03 09:25:00.000,20260403,92500000,000009.SZ,428263,2,420028,424298,8.68,2500,21700.0
2026-04-03 09:25:00.000,20260403,92500000,000009.SZ,428264,2,420028,425865,8.68,14700,127596.0
2026-04-03 09:25:00.000,20260403,92500000,000009.SZ,428265,2,405509,425865,8.68,100,868.0
2026-04-03 09:25:00.000,20260403,92500000,000009.SZ,428266,2,414349,425865,8.68,400,3472.0
2026-04-03 09:25:00.000,20260403,92500000,000009.SZ,428267,2,410166,425865,8.68,100,868.0
2026-04-03 09:25:00.000,20260403,92500000,000009.SZ,428268,2,379861,425865,8.68,1100,9548.0
2026-04-03 09:25:00.000,20260403,92500000,000009.SZ,428269,2,398812,425865,8.68,3000,26040.0
2026-04-03 09:25:00.000,20260403,92500000,000009.SZ,428270,2,410391,425865,8.68,1300,11284.0
2026-04-03 09:25:00.000,20260403,92500000,000009.SZ,428271,2,264281,425865,8.68,1200,10416.0
2026-04-03 09:25:00.000,20260403,92500000,000009.SZ,428272,2,276529,425865,8.68,1800,15624.0
2026-04-03 09:25:00.000,20260403,92500000,000009.SZ,428273,2,365091,425865,8.68,1000,8680.0
2026-04-03 09:25:00.000,20260403,92500000,000009.SZ,428274,2,415095,425865,8.68,100,868.0
2026-04-03 09:30:00.030,20260403,93000030,000009.SZ,492874,-1,0,425865,0.0,4100,0.0
2026-04-03 09:30:00.040,20260403,93000040,000009.SZ,495099,-1,114987,0,0.0,2500,0.0
2026-04-03 09:30:00.040,20260403,93000040,000009.SZ,497138,-1,277040,0,0.0,1000,0.0
2026-04-03 09:30:00.060,20260403,93000060,000009.SZ,507324,-1,504335,0,0.0,2500,0.0
2026-04-03 09:30:00.100,20260403,93000100,000009.SZ,527295,-1,365569,0,0.0,600,0.0
2026-04-03 09:30:00.100,20260403,93000100,000009.SZ,528907,-1,342038,0,0.0,1500,0.0
2026-04-03 09:30:00.130,20260403,93000130,000009.SZ,545728,1,545727,221316,8.69,200,1738.0
2026-04-03 09:30:00.130,20260403,93000130,000009.SZ,545729,1,545727,523464,8.7,100,870.0
2026-04-03 09:30:00.130,20260403,93000130,000009.SZ,546616,1,546615,523464,8.7,300,2610.0
2026-04-03 09:30:00.160,20260403,93000160,000009.SZ,560070,2,493114,560069,8.68,400,3472.0
2026-04-03 09:30:00.160,20260403,93000160,000009.SZ,560071,2,502363,560069,8.68,200,1736.0
2026-04-03 09:30:00.170,20260403,93000170,000009.SZ,563509,-1,0,241632,0.0,2300,0.0
2026-04-03 09:30:00.190,20260403,93000190,000009.SZ,572391,-1,248879,0,0.0,100,0.0
2026-04-03 09:30:00.240,20260403,93000240,000009.SZ,588368,1,588367,523464,8.7,300,2610.0
2026-04-03 09:30:00.250,20260403,93000250,000009.SZ,591502,2,584733,591501,8.69,343,2980.67
2026-04-03 09:30:00.280,20260403,93000280,000009.SZ,601509,-1,262832,0,0.0,3000,0.0
2026-04-03 09:30:00.300,20260403,93000300,000009.SZ,604729,2,584733,604728,8.69,700,6083.0
2026-04-03 09:30:00.310,20260403,93000310,000009.SZ,608124,-1,0,242068,0.0,200,0.0
2026-04-03 09:30:00.390,20260403,93000390,000009.SZ,621787,-1,0,99776,0.0,1000,0.0
2026-04-03 09:30:00.540,20260403,93000540,000009.SZ,643755,1,643754,523464,8.7,300,2610.0
2026-04-03 09:30:00.740,20260403,93000740,000009.SZ,671501,-1,0,209403,0.0,2500,0.0
2026-04-03 09:30:00.780,20260403,93000780,000009.SZ,677563,1,677562,230677,8.72,100,872.0
2026-04-03 09:30:00.780,20260403,93000780,000009.SZ,677564,1,677562,347678,8.72,1000,8720.0
2026-04-03 09:30:00.780,20260403,93000780,000009.SZ,677565,1,677562,513799,8.72,100,872.0
2026-04-03 09:30:01.020,20260403,93001020,000009.SZ,704703,-1,0,24218,0.0,3000,0.0
2026-04-03 09:30:01.170,20260403,93001170,000009.SZ,720564,-1,221281,0,0.0,200,0.0
2026-04-03 09:30:01.250,20260403,93001250,000009.SZ,727398,2,643754,727397,8.7,400,3480.0
2026-04-03 09:30:01.280,20260403,93001280,000009.SZ,729575,2,643754,729574,8.7,100,870.0
2026-04-03 09:30:01.630,20260403,93001630,000009.SZ,758306,2,643754,758305,8.7,200,1740.0
2026-04-03 09:30:01.640,20260403,93001640,000009.SZ,758655,2,643754,758654,8.7,1000,8700.0
2026-04-03 09:30:01.680,20260403,93001680,000009.SZ,762173,2,643754,762172,8.7,500,4350.0
2026-04-03 09:30:01.680,20260403,93001680,000009.SZ,762174,2,645988,762172,8.7,200,1740.0
2026-04-03 09:30:01.680,20260403,93001680,000009.SZ,762227,-1,0,662679,0.0,5000,0.0
2026-04-03 09:30:01.810,20260403,93001810,000009.SZ,772875,1,772874,513799,8.72,2300,20056.0
2026-04-03 09:30:01.810,20260403,93001810,000009.SZ,772876,1,772874,519658,8.72,7200,62784.0
2026-04-03 09:30:01.810,20260403,93001810,000009.SZ,772877,1,772874,579126,8.72,1400,12208.0
2026-04-03 09:30:01.810,20260403,93001810,000009.SZ,772878,1,772874,607834,8.72,600,5232.0
2026-04-03 09:30:01.810,20260403,93001810,000009.SZ,772879,1,772874,640972,8.72,2000,17440.0
2026-04-03 09:30:01.810,20260403,93001810,000009.SZ,772880,1,772874,737551,8.72,1000,8720.0
2026-04-03 09:30:01.810,20260403,93001810,000009.SZ,772881,1,772874,740683,8.72,5000,43600.0
2026-04-03 09:30:01.810,20260403,93001810,000009.SZ,772882,1,772874,206851,8.73,500,4365.0
2026-04-03 09:30:01.860,20260403,93001860,000009.SZ,775702,-1,0,158567,0.0,2400,0.0
2026-04-03 09:30:01.970,20260403,93001970,000009.SZ,785162,-1,699684,0,0.0,500,0.0
2026-04-03 09:30:02.690,20260403,93002690,000009.SZ,830482,-1,498678,0,0.0,300,0.0
2026-04-03 09:30:03.170,20260403,93003170,000009.SZ,853998,2,645988,853997,8.7,100,870.0
2026-04-03 09:30:03.170,20260403,93003170,000009.SZ,854022,2,645988,854021,8.7,100,870.0
2026-04-03 09:30:03.170,20260403,93003170,000009.SZ,854371,-1,560961,0,0.0,300,0.0
2026-04-03 09:30:03.210,20260403,93003210,000009.SZ,857076,-1,586681,0,0.0,600,0.0
2026-04-03 09:30:03.210,20260403,93003210,000009.SZ,857078,-1,578087,0,0.0,600,0.0
2026-04-03 09:30:03.210,20260403,93003210,000009.SZ,857094,-1,634471,0,0.0,300,0.0
2026-04-03 09:30:03.250,20260403,93003250,000009.SZ,858513,2,856318,858512,8.71,100,871.0
2026-04-03 09:30:03.250,20260403,93003250,000009.SZ,858621,2,856318,858620,8.71,200,1742.0
2026-04-03 09:30:03.250,20260403,93003250,000009.SZ,858622,2,858182,858620,8.71,600,5226.0
2026-04-03 09:30:03.250,20260403,93003250,000009.SZ,858623,2,858230,858620,8.71,300,2613.0
2026-04-03 09:30:03.250,20260403,93003250,000009.SZ,858624,2,858276,858620,8.71,500,4355.0
2026-04-03 09:30:03.570,20260403,93003570,000009.SZ,872189,2,858276,872188,8.71,100,871.0
2026-04-03 09:30:03.570,20260403,93003570,000009.SZ,872190,2,858988,872188,8.71,100,871.0
2026-04-03 09:30:03.940,20260403,93003940,000009.SZ,888805,2,858988,888804,8.71,400,3484.0
2026-04-03 09:30:04.010,20260403,93004010,000009.SZ,891950,-1,321358,0,0.0,1100,0.0
2026-04-03 09:30:04.710,20260403,93004710,000009.SZ,918781,1,918780,882861,8.72,100,872.0
2026-04-03 09:30:04.710,20260403,93004710,000009.SZ,918782,1,918780,883491,8.72,100,872.0
2026-04-03 09:30:04.710,20260403,93004710,000009.SZ,918783,1,918780,206851,8.73,2500,21825.0
2026-04-03 09:30:04.710,20260403,93004710,000009.SZ,918784,1,918780,298635,8.73,1000,8730.0
2026-04-03 09:30:04.790,20260403,93004790,000009.SZ,920883,1,920882,298635,8.73,500,4365.0
2026-04-03 09:30:04.790,20260403,93004790,000009.SZ,920884,1,920882,347378,8.73,1000,8730.0
2026-04-03 09:30:04.790,20260403,93004790,000009.SZ,920885,1,920882,363294,8.73,1200,10476.0
2026-04-03 09:30:04.790,20260403,93004790,000009.SZ,920886,1,920882,423581,8.73,1500,13095.0
2026-04-03 09:30:04.870,20260403,93004870,000009.SZ,922808,2,858988,922807,8.71,1000,8710.0
2026-04-03 09:30:05.350,20260403,93005350,000009.SZ,935264,2,858988,935263,8.71,100,871.0
2026-04-03 09:30:06.150,20260403,93006150,000009.SZ,952726,-1,693618,0,0.0,400,0.0
2026-04-03 09:30:06.170,20260403,93006170,000009.SZ,953111,-1,502363,0,0.0,200,0.0
2026-04-03 09:30:06.260,20260403,93006260,000009.SZ,956233,2,858988,956232,8.71,300,2613.0
2026-04-03 09:30:06.640,20260403,93006640,000009.SZ,966815,1,966814,945560,8.72,200,1744.0
2026-04-03 09:30:08.090,20260403,93008090,000009.SZ,1003063,2,858988,1003062,8.71,1200,10452.0
2026-04-03 09:30:08.640,20260403,93008640,000009.SZ,1010168,2,858988,1010167,8.71,100,871.0
2026-04-03 09:30:08.890,20260403,93008890,000009.SZ,1014584,2,858988,1014583,8.71,200,1742.0
2026-04-03 09:30:09.170,20260403,93009170,000009.SZ,1018584,2,858988,1018583,8.71,100,871.0
2026-04-03 09:30:09.220,20260403,93009220,000009.SZ,1020470,2,858988,1020469,8.71,600,5226.0
2026-04-03 09:30:09.720,20260403,93009720,000009.SZ,1032521,-1,709772,0,0.0,500,0.0
2026-04-03 09:30:10.330,20260403,93010330,000009.SZ,1045057,-1,938124,0,0.0,1300,0.0
2026-04-03 09:30:10.560,20260403,93010560,000009.SZ,1050821,1,1050820,945560,8.72,300,2616.0
2026-04-03 09:30:10.560,20260403,93010560,000009.SZ,1050822,1,1050820,988367,8.72,200,1744.0
2026-04-03 09:30:10.560,20260403,93010560,000009.SZ,1050823,1,1050820,423581,8.73,1500,13095.0
2026-04-03 09:30:11.090,20260403,93011090,000009.SZ,1060126,-1,33541,0,0.0,2700,0.0
2026-04-03 09:30:11.680,20260403,93011680,000009.SZ,1066484,2,858988,1066483,8.71,600,5226.0
2026-04-03 09:30:11.680,20260403,93011680,000009.SZ,1066485,2,997546,1066483,8.71,600,5226.0
2026-04-03 09:30:12.110,20260403,93012110,000009.SZ,1071066,2,997546,1071065,8.71,300,2613.0
2026-04-03 09:30:12.210,20260403,93012210,000009.SZ,1072294,2,997546,1072293,8.71,100,871.0
2026-04-03 09:30:12.570,20260403,93012570,000009.SZ,1081808,1,1081807,1063587,8.72,500,4360.0
2026-04-03 09:30:14.160,20260403,93014160,000009.SZ,1108585,2,997546,1108584,8.71,700,6097.0
2026-04-03 09:30:14.940,20260403,93014940,000009.SZ,1117558,-1,0,341296,0.0,3700,0.0
2026-04-03 09:30:15.120,20260403,93015120,000009.SZ,1119443,1,1119442,1063587,8.72,500,4360.0
2026-04-03 09:30:15.150,20260403,93015150,000009.SZ,1119996,-1,1072985,0,0.0,100,0.0
2026-04-03 09:30:15.150,20260403,93015150,000009.SZ,1120325,-1,1072580,0,0.0,100,0.0
2026-04-03 09:30:15.210,20260403,93015210,000009.SZ,1121733,2,997546,1121732,8.71,300,2613.0
2026-04-03 09:30:15.210,20260403,93015210,000009.SZ,1121735,2,998162,1121734,8.71,100,871.0
2026-04-03 09:30:15.210,20260403,93015210,000009.SZ,1121737,2,1010254,1121736,8.71,100,871.0
2026-04-03 09:30:15.210,20260403,93015210,000009.SZ,1121744,2,1010254,1121743,8.71,100,871.0
2026-04-03 09:30:15.210,20260403,93015210,000009.SZ,1121745,2,1104216,1121743,8.71,100,871.0
2026-04-03 09:30:15.210,20260403,93015210,000009.SZ,1121746,2,1114520,1121743,8.71,100,871.0
2026-04-03 09:30:15.210,20260403,93015210,000009.SZ,1121749,2,1114520,1121748,8.71,200,1742.0
2026-04-03 09:30:15.210,20260403,93015210,000009.SZ,1121750,2,1116832,1121748,8.71,100,871.0
2026-04-03 09:30:15.210,20260403,93015210,000009.SZ,1121765,2,1116832,1121764,8.71,100,871.0
2026-04-03 09:30:15.210,20260403,93015210,000009.SZ,1121767,2,1116832,1121766,8.71,100,871.0
2026-04-03 09:30:15.210,20260403,93015210,000009.SZ,1121771,2,1116902,1121770,8.71,100,871.0
2026-04-03 09:30:15.210,20260403,93015210,000009.SZ,1121772,2,1116962,1121770,8.71,300,2613.0
2026-04-03 09:30:15.220,20260403,93015220,000009.SZ,1121781,2,1116962,1121780,8.71,400,3484.0
2026-04-03 09:30:15.220,20260403,93015220,000009.SZ,1121823,2,1116962,1121822,8.71,200,1742.0
2026-04-03 09:30:15.220,20260403,93015220,000009.SZ,1121833,2,1116962,1121832,8.71,200,1742.0
2026-04-03 09:30:15.220,20260403,93015220,000009.SZ,1121847,2,1116962,1121846,8.71,100,871.0
2026-04-03 09:30:15.220,20260403,93015220,000009.SZ,1121854,2,1117167,1121853,8.71,100,871.0
2026-04-03 09:30:15.220,20260403,93015220,000009.SZ,1121873,2,1117167,1121872,8.71,100,871.0
2026-04-03 09:30:15.230,20260403,93015230,000009.SZ,1122067,2,1117167,1122066,8.71,100,871.0
2026-04-03 09:30:15.230,20260403,93015230,000009.SZ,1122068,2,1117315,1122066,8.71,200,1742.0
2026-04-03 09:30:15.610,20260403,93015610,000009.SZ,1129545,-1,0,241804,0.0,600,0.0
2026-04-03 09:30:15.670,20260403,93015670,000009.SZ,1131404,1,1131403,1122321,8.71,100,871.0
2026-04-03 09:30:15.940,20260403,93015940,000009.SZ,1135933,-1,33539,0,0.0,2000,0.0
2026-04-03 09:30:16.140,20260403,93016140,000009.SZ,1138300,1,1138299,1122321,8.71,100,871.0
2026-04-03 09:30:16.140,20260403,93016140,000009.SZ,1138301,1,1138299,1122600,8.71,300,2613.0
2026-04-03 09:30:17.030,20260403,93017030,000009.SZ,1154103,1,1154102,1122600,8.71,300,2613.0
2026-04-03 09:30:17.030,20260403,93017030,000009.SZ,1154104,1,1154102,1134642,8.71,700,6097.0
2026-04-03 09:30:17.030,20260403,93017030,000009.SZ,1154105,1,1154102,1063587,8.72,200,1744.0
2026-04-03 09:30:17.030,20260403,93017030,000009.SZ,1154106,1,1154102,1075474,8.72,100,872.0
2026-04-03 09:30:17.410,20260403,93017410,000009.SZ,1157953,-1,833152,0,0.0,5000,0.0
2026-04-03 09:30:17.820,20260403,93017820,000009.SZ,1162185,1,1162184,1159035,8.71,2000,17420.0
2026-04-03 09:30:18.210,20260403,93018210,000009.SZ,1167726,2,645988,1167725,8.7,100,870.0
2026-04-03 09:30:18.240,20260403,93018240,000009.SZ,1168739,1,1168738,1159035,8.71,100,871.0
2026-04-03 09:30:18.240,20260403,93018240,000009.SZ,1168742,1,1168741,1159035,8.71,100,871.0
2026-04-03 09:30:18.260,20260403,93018260,000009.SZ,1169314,1,1169313,1159035,8.71,100,871.0
2026-04-03 09:30:18.350,20260403,93018350,000009.SZ,1170767,1,1170766,1159035,8.71,100,871.0
2026-04-03 09:30:18.840,20260403,93018840,000009.SZ,1179917,1,1179916,1159035,8.71,500,4355.0
2026-04-03 09:30:18.850,20260403,93018850,000009.SZ,1179954,1,1179953,1159035,8.71,100,871.0
2026-04-03 09:30:19.560,20260403,93019560,000009.SZ,1192139,2,1179953,1192138,8.71,100,871.0
2026-04-03 09:30:20.340,20260403,93020340,000009.SZ,1201818,2,1179957,1201817,8.71,100,871.0
2026-04-03 09:30:20.350,20260403,93020350,000009.SZ,1201940,2,1179957,1201939,8.71,100,871.0
2026-04-03 09:30:20.390,20260403,93020390,000009.SZ,1202344,2,1179957,1202343,8.71,100,871.0
2026-04-03 09:30:20.390,20260403,93020390,000009.SZ,1202345,2,1179990,1202343,8.71,300,2613.0
2026-04-03 09:30:20.430,20260403,93020430,000009.SZ,1202747,2,1185306,1202746,8.71,100,871.0
2026-04-03 09:30:20.590,20260403,93020590,000009.SZ,1204611,2,1185306,1204610,8.71,100,871.0
2026-04-03 09:30:20.590,20260403,93020590,000009.SZ,1204645,2,1204050,1204644,8.71,100,871.0
2026-04-03 09:30:21.000,20260403,93021000,000009.SZ,1208897,2,1204287,1208896,8.71,100,871.0
2026-04-03 09:30:21.000,20260403,93021000,000009.SZ,1208898,2,1205842,1208896,8.71,100,871.0
2026-04-03 09:30:21.000,20260403,93021000,000009.SZ,1208899,2,1206152,1208896,8.71,100,871.0
2026-04-03 09:30:21.200,20260403,93021200,000009.SZ,1211253,1,1211252,1208896,8.71,100,871.0
2026-04-03 09:30:21.200,20260403,93021200,000009.SZ,1211255,1,1211254,1208896,8.71,200,1742.0
2026-04-03 09:30:21.200,20260403,93021200,000009.SZ,1211259,1,1211258,1211103,8.71,100,871.0
2026-04-03 09:30:21.200,20260403,93021200,000009.SZ,1211260,1,1211258,1211109,8.71,100,871.0
2026-04-03 09:30:22.270,20260403,93022270,000009.SZ,1230316,1,1230315,1075474,8.72,300,2616.0
2026-04-03 09:30:22.270,20260403,93022270,000009.SZ,1230317,1,1230315,1087160,8.72,400,3488.0
2026-04-03 09:30:22.270,20260403,93022270,000009.SZ,1230318,1,1230315,1109509,8.72,100,872.0
2026-04-03 09:30:22.270,20260403,93022270,000009.SZ,1230319,1,1230315,1156160,8.72,400,3488.0
2026-04-03 09:30:22.270,20260403,93022270,000009.SZ,1230320,1,1230315,1167400,8.72,800,6976.0
2026-04-03 09:30:22.510,20260403,93022510,000009.SZ,1234874,2,1211258,1234873,8.71,100,871.0
2026-04-03 09:30:23.190,20260403,93023190,000009.SZ,1243615,2,1211265,1243614,8.71,100,871.0
2026-04-03 09:30:24.320,20260403,93024320,000009.SZ,1256515,2,1211268,1256514,8.71,100,871.0
2026-04-03 09:30:24.320,20260403,93024320,000009.SZ,1256516,2,1211270,1256514,8.71,100,871.0
2026-04-03 09:30:24.320,20260403,93024320,000009.SZ,1256517,2,1211272,1256514,8.71,100,871.0
2026-04-03 09:30:24.320,20260403,93024320,000009.SZ,1256518,2,1211276,1256514,8.71,200,1742.0
2026-04-03 09:30:24.320,20260403,93024320,000009.SZ,1256519,2,1211487,1256514,8.71,200,1742.0
2026-04-03 09:30:24.320,20260403,93024320,000009.SZ,1256520,2,1243213,1256514,8.71,2300,20033.0
2026-04-03 09:30:25.040,20260403,93025040,000009.SZ,1269213,-1,1185444,0,0.0,2600,0.0
2026-04-03 09:30:25.300,20260403,93025300,000009.SZ,1273716,1,1273715,1167400,8.72,1700,14824.0
2026-04-03 09:30:25.640,20260403,93025640,000009.SZ,1280949,-1,0,233461,0.0,1000,0.0
2026-04-03 09:30:25.640,20260403,93025640,000009.SZ,1281022,1,1281021,1253136,8.72,100,872.0
2026-04-03 09:30:25.640,20260403,93025640,000009.SZ,1281023,1,1281021,1254381,8.72,100,872.0
2026-04-03 09:30:25.640,20260403,93025640,000009.SZ,1281024,1,1281021,514429,8.73,100,873.0
2026-04-03 09:30:25.640,20260403,93025640,000009.SZ,1281025,1,1281021,636408,8.73,1700,14841.0
2026-04-03 09:30:25.790,20260403,93025790,000009.SZ,1283053,-1,0,258538,0.0,6000,0.0
2026-04-03 09:30:27.200,20260403,93027200,000009.SZ,1299306,-1,829740,0,0.0,1300,0.0
2026-04-03 09:30:27.200,20260403,93027200,000009.SZ,1299311,-1,840252,0,0.0,1900,0.0
2026-04-03 09:30:27.200,20260403,93027200,000009.SZ,1299313,-1,634749,0,0.0,1700,0.0
2026-04-03 09:30:27.200,20260403,93027200,000009.SZ,1299314,-1,535132,0,0.0,2000,0.0
2026-04-03 09:30:27.200,20260403,93027200,000009.SZ,1299317,-1,572247,0,0.0,1100,0.0
2026-04-03 09:30:27.200,20260403,93027200,000009.SZ,1299332,-1,698617,0,0.0,1500,0.0
2026-04-03 09:30:27.640,20260403,93027640,000009.SZ,1306590,1,1306589,636408,8.73,3300,28809.0
2026-04-03 09:30:27.640,20260403,93027640,000009.SZ,1306591,1,1306589,723740,8.73,1000,8730.0
2026-04-03 09:30:27.640,20260403,93027640,000009.SZ,1306592,1,1306589,729987,8.73,100,873.0
2026-04-03 09:30:27.640,20260403,93027640,000009.SZ,1306593,1,1306589,918684,8.73,1000,8730.0
2026-04-03 09:30:27.640,20260403,93027640,000009.SZ,1306594,1,1306589,988229,8.73,100,873.0
2026-04-03 09:30:27.640,20260403,93027640,000009.SZ,1306595,1,1306589,1018086,8.73,600,5238.0
2026-04-03 09:30:27.640,20260403,93027640,000009.SZ,1306596,1,1306589,1084534,8.73,1300,11349.0
2026-04-03 09:30:27.640,20260403,93027640,000009.SZ,1306597,1,1306589,1229540,8.73,600,5238.0
2026-04-03 09:30:27.640,20260403,93027640,000009.SZ,1306598,1,1306589,535271,8.74,5000,43700.0
2026-04-03 09:30:27.640,20260403,93027640,000009.SZ,1306599,1,1306589,568816,8.74,7000,61180.0
2026-04-03 09:30:28.930,20260403,93028930,000009.SZ,1327243,-1,559084,0,0.0,400,0.0
2026-04-03 09:30:29.790,20260403,93029790,000009.SZ,1337556,2,1330563,1337555,8.73,300,2619.0
2026-04-03 09:30:30.190,20260403,93030190,000009.SZ,1342864,1,1342863,568816,8.74,100,874.0
2026-04-03 09:30:30.260,20260403,93030260,000009.SZ,1344723,1,1344722,568816,8.74,6500,56810.0
2026-04-03 09:30:30.430,20260403,93030430,000009.SZ,1348539,1,1348538,568816,8.74,200,1748.0
2026-04-03 09:30:30.430,20260403,93030430,000009.SZ,1348540,1,1348538,600195,8.74,1000,8740.0
2026-04-03 09:30:30.430,20260403,93030430,000009.SZ,1348541,1,1348538,640047,8.74,800,6992.0
2026-04-03 09:30:30.430,20260403,93030430,000009.SZ,1348543,1,1348542,640047,8.74,1500,13110.0
2026-04-03 09:30:30.470,20260403,93030470,000009.SZ,1349192,1,1349191,640047,8.74,2700,23598.0
2026-04-03 09:30:30.470,20260403,93030470,000009.SZ,1349193,1,1349191,640076,8.74,800,6992.0
2026-04-03 09:30:30.540,20260403,93030540,000009.SZ,1350261,2,1330563,1350260,8.73,1500,13095.0
2026-04-03 09:30:30.700,20260403,93030700,000009.SZ,1353806,1,1353805,640076,8.74,2700,23598.0
2026-04-03 09:30:30.700,20260403,93030700,000009.SZ,1353807,1,1353805,647604,8.74,800,6992.0
2026-04-03 09:30:31.550,20260403,93031550,000009.SZ,1369341,1,1369340,647604,8.74,2200,19228.0
2026-04-03 09:30:31.550,20260403,93031550,000009.SZ,1369342,1,1369340,796085,8.74,3600,31464.0
2026-04-03 09:30:31.860,20260403,93031860,000009.SZ,1374707,1,1374706,796085,8.74,600,5244.0
2026-04-03 09:30:32.060,20260403,93032060,000009.SZ,1377383,-1,1275702,0,0.0,2000,0.0
2026-04-03 09:30:32.250,20260403,93032250,000009.SZ,1379593,1,1379592,796085,8.74,800,6992.0
2026-04-03 09:30:32.250,20260403,93032250,000009.SZ,1379594,1,1379592,1310742,8.74,400,3496.0
2026-04-03 09:30:32.370,20260403,93032370,000009.SZ,1380844,1,1380843,1310742,8.74,200,1748.0
2026-04-03 09:30:32.430,20260403,93032430,000009.SZ,1381506,-1,645988,0,0.0,100,0.0
2026-04-03 09:30:33.190,20260403,93033190,000009.SZ,1391025,1,1391024,2224,8.75,300,2625.0
2026-04-03 09:30:33.200,20260403,93033200,000009.SZ,1391539,1,1391538,2224,8.75,1700,14875.0
2026-04-03 09:30:33.200,20260403,93033200,000009.SZ,1391540,1,1391538,9115,8.75,500,4375.0
2026-04-03 09:30:33.200,20260403,93033200,000009.SZ,1391541,1,1391538,10789,8.75,800,7000.0
2026-04-03 09:30:33.200,20260403,93033200,000009.SZ,1391542,1,1391538,24373,8.75,1100,9625.0
2026-04-03 09:30:33.200,20260403,93033200,000009.SZ,1391545,1,1391544,24373,8.75,900,7875.0
2026-04-03 09:30:33.200,20260403,93033200,000009.SZ,1391546,1,1391544,208983,8.75,2500,21875.0
2026-04-03 09:30:33.200,20260403,93033200,000009.SZ,1391547,1,1391544,549604,8.75,600,5250.0
2026-04-03 09:30:33.200,20260403,93033200,000009.SZ,1391574,1,1391573,549604,8.75,100,875.0
2026-04-03 09:30:33.210,20260403,93033210,000009.SZ,1391607,1,1391606,549604,8.75,2000,17500.0
2026-04-03 09:30:33.230,20260403,93033230,000009.SZ,1392136,1,1392135,549604,8.75,2600,22750.0
2026-04-03 09:30:33.280,20260403,93033280,000009.SZ,1392800,2,1380843,1392799,8.74,2000,17480.0
2026-04-03 09:30:33.570,20260403,93033570,000009.SZ,1398422,1,1398421,549604,8.75,1200,10500.0
2026-04-03 09:30:33.840,20260403,93033840,000009.SZ,1404427,2,1380843,1404426,8.74,5600,48944.0
2026-04-03 09:30:33.840,20260403,93033840,000009.SZ,1404428,2,1381505,1404426,8.74,2200,19228.0
2026-04-03 09:30:33.840,20260403,93033840,000009.SZ,1404429,2,1384177,1404426,8.74,100,874.0
2026-04-03 09:30:33.840,20260403,93033840,000009.SZ,1404430,2,1384250,1404426,8.74,100,874.0
2026-04-03 09:30:33.840,20260403,93033840,000009.SZ,1404431,2,1396070,1404426,8.74,100,874.0
2026-04-03 09:30:33.840,20260403,93033840,000009.SZ,1404432,2,1330563,1404426,8.73,1600,13968.0
2026-04-03 09:30:33.840,20260403,93033840,000009.SZ,1404433,2,1387902,1404426,8.73,100,873.0
2026-04-03 09:30:33.840,20260403,93033840,000009.SZ,1404434,2,1396811,1404426,8.73,1100,9603.0
2026-04-03 09:30:33.840,20260403,93033840,000009.SZ,1404435,2,1299379,1404426,8.72,2000,17440.0
2026-04-03 09:30:33.880,20260403,93033880,000009.SZ,1405484,1,1405483,1404426,8.72,500,4360.0
2026-04-03 09:30:33.920,20260403,93033920,000009.SZ,1406737,1,1406736,1404426,8.72,100,872.0
2026-04-03 09:30:34.130,20260403,93034130,000009.SZ,1412574,1,1412573,1404426,8.72,600,5232.0
2026-04-03 09:30:34.250,20260403,93034250,000009.SZ,1415684,-1,1389482,0,0.0,200,0.0
2026-04-03 09:30:34.460,20260403,93034460,000009.SZ,1420051,1,1420050,1404426,8.72,200,1744.0
2026-04-03 09:30:35.420,20260403,93035420,000009.SZ,1436284,1,1436283,1404426,8.72,100,872.0
2026-04-03 09:30:35.480,20260403,93035480,000009.SZ,1437132,-1,0,238075,0.0,1300,0.0
2026-04-03 09:30:35.490,20260403,93035490,000009.SZ,1437195,1,1437194,1404426,8.72,100,872.0
2026-04-03 09:30:35.490,20260403,93035490,000009.SZ,1437203,1,1437202,1404426,8.72,300,2616.0
2026-04-03 09:30:35.500,20260403,93035500,000009.SZ,1437351,1,1437350,1404426,8.72,200,1744.0
2026-04-03 09:30:35.500,20260403,93035500,000009.SZ,1437354,1,1437353,1404426,8.72,400,3488.0
2026-04-03 09:30:35.510,20260403,93035510,000009.SZ,1437539,1,1437538,1404426,8.72,100,872.0
2026-04-03 09:30:35.520,20260403,93035520,000009.SZ,1437584,1,1437583,1404426,8.72,100,872.0
2026-04-03 09:30:35.520,20260403,93035520,000009.SZ,1437586,1,1437585,1404426,8.72,100,872.0
2026-04-03 09:30:35.530,20260403,93035530,000009.SZ,1437800,1,1437799,1404426,8.72,200,1744.0
2026-04-03 09:30:35.530,20260403,93035530,000009.SZ,1437804,1,1437803,1404426,8.72,100,872.0
2026-04-03 09:30:35.940,20260403,93035940,000009.SZ,1444303,1,1444302,1404426,8.72,4000,34880.0
2026-04-03 09:30:35.940,20260403,93035940,000009.SZ,1444304,1,1444302,1409494,8.73,100,873.0
2026-04-03 09:30:35.940,20260403,93035940,000009.SZ,1444305,1,1444302,1424326,8.73,3000,26190.0
2026-04-03 09:30:35.940,20260403,93035940,000009.SZ,1444306,1,1444302,1439789,8.73,800,6984.0
2026-04-03 09:30:35.960,20260403,93035960,000009.SZ,1444714,1,1444713,1441269,8.73,2000,17460.0
2026-04-03 09:30:35.960,20260403,93035960,000009.SZ,1444715,1,1444713,549604,8.75,3200,28000.0
2026-04-03 09:30:35.980,20260403,93035980,000009.SZ,1444976,1,1444975,549604,8.75,900,7875.0
2026-04-03 09:30:35.990,20260403,93035990,000009.SZ,1445116,1,1445115,549604,8.75,9000,78750.0
2026-04-03 09:30:35.990,20260403,93035990,000009.SZ,1445117,1,1445115,582366,8.75,4700,41125.0
2026-04-03 09:30:35.990,20260403,93035990,000009.SZ,1445129,1,1445128,582366,8.75,700,6125.0
2026-04-03 09:30:36.040,20260403,93036040,000009.SZ,1445904,1,1445903,582366,8.75,100,875.0
2026-04-03 09:30:36.150,20260403,93036150,000009.SZ,1447987,1,1447986,582366,8.75,900,7875.0
2026-04-03 09:30:36.150,20260403,93036150,000009.SZ,1447989,1,1447988,582366,8.75,500,4375.0
2026-04-03 09:30:36.150,20260403,93036150,000009.SZ,1447994,1,1447993,582366,8.75,100,875.0
2026-04-03 09:30:36.150,20260403,93036150,000009.SZ,1447999,1,1447998,582366,8.75,100,875.0
2026-04-03 09:30:36.150,20260403,93036150,000009.SZ,1448003,1,1448002,582366,8.75,300,2625.0
2026-04-03 09:30:36.150,20260403,93036150,000009.SZ,1448012,2,1446094,1448011,8.74,100,874.0
2026-04-03 09:30:36.170,20260403,93036170,000009.SZ,1448532,1,1448531,582366,8.75,100,875.0
2026-04-03 09:30:36.210,20260403,93036210,000009.SZ,1449365,2,1446094,1449364,8.74,5000,43700.0
2026-04-03 09:30:36.290,20260403,93036290,000009.SZ,1451523,1,1451522,582366,8.75,2500,21875.0
2026-04-03 09:30:36.290,20260403,93036290,000009.SZ,1451524,1,1451522,586137,8.75,1000,8750.0
2026-04-03 09:30:36.290,20260403,93036290,000009.SZ,1451525,1,1451522,638319,8.75,400,3500.0
2026-04-03 09:30:36.530,20260403,93036530,000009.SZ,1456739,2,1446094,1456738,8.74,500,4370.0
2026-04-03 09:30:36.530,20260403,93036530,000009.SZ,1456740,2,1451788,1456738,8.74,2000,17480.0
2026-04-03 09:30:36.560,20260403,93036560,000009.SZ,1457211,2,1451788,1457210,8.74,1500,13110.0
2026-04-03 09:30:37.250,20260403,93037250,000009.SZ,1470810,-1,1447990,0,0.0,200,0.0
2026-04-03 09:30:37.610,20260403,93037610,000009.SZ,1477023,1,1477022,638319,8.75,3200,28000.0
2026-04-03 09:30:37.990,20260403,93037990,000009.SZ,1482123,-1,1457026,0,0.0,2800,0.0
2026-04-03 09:30:38.010,20260403,93038010,000009.SZ,1482444,-1,1457020,0,0.0,100,0.0
2026-04-03 09:30:38.230,20260403,93038230,000009.SZ,1485795,1,1485794,638319,8.75,800,7000.0
2026-04-03 09:30:38.230,20260403,93038230,000009.SZ,1485796,1,1485794,820665,8.75,500,4375.0
2026-04-03 09:30:38.230,20260403,93038230,000009.SZ,1485797,1,1485794,1399692,8.75,1500,13125.0
2026-04-03 09:30:38.460,20260403,93038460,000009.SZ,1489588,-1,1454699,0,0.0,300,0.0
2026-04-03 09:30:38.460,20260403,93038460,000009.SZ,1489640,-1,1454875,0,0.0,600,0.0
2026-04-03 09:30:38.460,20260403,93038460,000009.SZ,1489644,-1,1454881,0,0.0,300,0.0
2026-04-03 09:30:38.460,20260403,93038460,000009.SZ,1489645,-1,1454874,0,0.0,400,0.0
2026-04-03 09:30:38.460,20260403,93038460,000009.SZ,1489692,2,1485794,1489691,8.75,900,7875.0
2026-04-03 09:30:38.470,20260403,93038470,000009.SZ,1489747,2,1485794,1489746,8.75,1400,12250.0
2026-04-03 09:30:38.770,20260403,93038770,000009.SZ,1494051,-1,717196,0,0.0,1300,0.0
2026-04-03 09:30:38.880,20260403,93038880,000009.SZ,1495707,-1,0,597246,0.0,8000,0.0
2026-04-03 09:30:39.190,20260403,93039190,000009.SZ,1500662,-1,1298568,0,0.0,100,0.0
2026-04-03 09:30:39.190,20260403,93039190,000009.SZ,1500663,-1,1166578,0,0.0,100,0.0
2026-04-03 09:30:39.190,20260403,93039190,000009.SZ,1500726,-1,853354,0,0.0,300,0.0
2026-04-03 09:30:39.210,20260403,93039210,000009.SZ,1500999,-1,1166517,0,0.0,100,0.0
2026-04-03 09:30:39.220,20260403,93039220,000009.SZ,1501184,-1,1455392,0,0.0,1800,0.0
2026-04-03 09:30:39.250,20260403,93039250,000009.SZ,1501735,-1,858074,0,0.0,300,0.0
2026-04-03 09:30:39.290,20260403,93039290,000009.SZ,1502651,1,1502650,227197,8.76,400,3504.0
2026-04-03 09:30:39.290,20260403,93039290,000009.SZ,1502652,1,1502650,232065,8.76,100,876.0
2026-04-03 09:30:39.290,20260403,93039290,000009.SZ,1502653,1,1502650,366601,8.76,800,7008.0
2026-04-03 09:30:39.290,20260403,93039290,000009.SZ,1502654,1,1502650,423299,8.76,400,3504.0
2026-04-03 09:30:39.290,20260403,93039290,000009.SZ,1502655,1,1502650,657560,8.76,1000,8760.0
2026-04-03 09:30:39.290,20260403,93039290,000009.SZ,1502656,1,1502650,667175,8.76,400,3504.0
2026-04-03 09:30:39.290,20260403,93039290,000009.SZ,1502657,1,1502650,832612,8.76,200,1752.0
2026-04-03 09:30:39.290,20260403,93039290,000009.SZ,1502658,1,1502650,923098,8.76,1200,10512.0
2026-04-03 09:30:39.290,20260403,93039290,000009.SZ,1502659,1,1502650,1202236,8.76,1000,8760.0
2026-04-03 09:30:39.290,20260403,93039290,000009.SZ,1502660,1,1502650,1206635,8.76,2000,17520.0
2026-04-03 09:30:39.290,20260403,93039290,000009.SZ,1502661,1,1502650,1483626,8.76,8000,70080.0
2026-04-03 09:30:39.300,20260403,93039300,000009.SZ,1502763,1,1502762,1483626,8.76,2700,23652.0
2026-04-03 09:30:39.300,20260403,93039300,000009.SZ,1502798,-1,1482454,0,0.0,100,0.0
2026-04-03 09:30:39.320,20260403,93039320,000009.SZ,1503250,-1,1482145,0,0.0,100,0.0
2026-04-03 09:30:39.450,20260403,93039450,000009.SZ,1505793,-1,818584,0,0.0,200,0.0
2026-04-03 09:30:39.460,20260403,93039460,000009.SZ,1505832,2,1485794,1505831,8.75,800,7000.0
2026-04-03 09:30:39.480,20260403,93039480,000009.SZ,1506285,-1,1487594,0,0.0,2400,0.0
2026-04-03 09:30:39.480,20260403,93039480,000009.SZ,1506289,-1,1485794,0,0.0,100,0.0
2026-04-03 09:30:39.490,20260403,93039490,000009.SZ,1506508,-1,227198,0,0.0,400,0.0
2026-04-03 09:30:39.570,20260403,93039570,000009.SZ,1507796,1,1507795,1483626,8.76,1600,14016.0
2026-04-03 09:30:39.580,20260403,93039580,000009.SZ,1507971,2,1505067,1507970,8.75,300,2625.0
2026-04-03 09:30:39.650,20260403,93039650,000009.SZ,1509180,2,1451788,1509179,8.74,100,874.0
2026-04-03 09:30:40.180,20260403,93040180,000009.SZ,1517332,1,1517331,1507970,8.75,400,3500.0
2026-04-03 09:30:40.280,20260403,93040280,000009.SZ,1519093,1,1519092,1507970,8.75,500,4375.0
2026-04-03 09:30:40.280,20260403,93040280,000009.SZ,1519094,1,1519092,1483626,8.76,200,1752.0
2026-04-03 09:30:40.280,20260403,93040280,000009.SZ,1519165,1,1519164,1483626,8.76,9000,78840.0
2026-04-03 09:30:40.280,20260403,93040280,000009.SZ,1519218,-1,1460868,0,0.0,100,0.0
2026-04-03 09:30:40.280,20260403,93040280,000009.SZ,1519223,-1,1456057,0,0.0,100,0.0
2026-04-03 09:30:40.280,20260403,93040280,000009.SZ,1519224,-1,1456058,0,0.0,200,0.0
2026-04-03 09:30:40.280,20260403,93040280,000009.SZ,1519225,-1,1460862,0,0.0,100,0.0
2026-04-03 09:30:40.280,20260403,93040280,000009.SZ,1519226,-1,1456759,0,0.0,100,0.0
2026-04-03 09:30:40.280,20260403,93040280,000009.SZ,1519228,-1,1460874,0,0.0,100,0.0
2026-04-03 09:30:40.280,20260403,93040280,000009.SZ,1519229,-1,1456063,0,0.0,100,0.0
2026-04-03 09:30:40.280,20260403,93040280,000009.SZ,1519231,-1,1456760,0,0.0,100,0.0
2026-04-03 09:30:40.280,20260403,93040280,000009.SZ,1519232,-1,1456761,0,0.0,100,0.0
2026-04-03 09:30:40.280,20260403,93040280,000009.SZ,1519238,-1,1456587,0,0.0,100,0.0
2026-04-03 09:30:40.280,20260403,93040280,000009.SZ,1519239,-1,1455891,0,0.0,100,0.0
2026-04-03 09:30:40.280,20260403,93040280,000009.SZ,1519240,-1,1460767,0,0.0,100,0.0
2026-04-03 09:30:40.550,20260403,93040550,000009.SZ,1524795,1,1524794,1483626,8.76,1200,10512.0
2026-04-03 09:30:41.190,20260403,93041190,000009.SZ,1536288,-1,1531658,0,0.0,100,0.0
2026-04-03 09:30:41.290,20260403,93041290,000009.SZ,1537890,2,1524681,1537889,8.75,100,875.0
2026-04-03 09:30:41.290,20260403,93041290,000009.SZ,1537891,2,1524685,1537889,8.75,100,875.0
2026-04-03 09:30:41.290,20260403,93041290,000009.SZ,1537892,2,1524694,1537889,8.75,200,1750.0
2026-04-03 09:30:41.290,20260403,93041290,000009.SZ,1537893,2,1530627,1537889,8.75,300,2625.0
2026-04-03 09:30:41.290,20260403,93041290,000009.SZ,1537894,2,1530632,1537889,8.75,100,875.0
2026-04-03 09:30:41.290,20260403,93041290,000009.SZ,1537895,2,1530879,1537889,8.75,300,2625.0
2026-04-03 09:30:41.290,20260403,93041290,000009.SZ,1537896,2,1451788,1537889,8.74,800,6992.0
2026-04-03 09:30:41.290,20260403,93041290,000009.SZ,1537897,2,1458054,1537889,8.74,100,874.0
2026-04-03 09:30:41.670,20260403,93041670,000009.SZ,1543873,1,1543872,1483626,8.76,100,876.0
2026-04-03 09:30:41.670,20260403,93041670,000009.SZ,1543917,1,1543916,1483626,8.76,100,876.0
2026-04-03 09:30:41.670,20260403,93041670,000009.SZ,1543977,1,1543976,1483626,8.76,100,876.0
2026-04-03 09:30:41.840,20260403,93041840,000009.SZ,1546673,-1,1544649,0,0.0,100,0.0
2026-04-03 09:30:41.840,20260403,93041840,000009.SZ,1546679,-1,1544647,0,0.0,2300,0.0
2026-04-03 09:30:41.900,20260403,93041900,000009.SZ,1547527,-1,1509591,0,0.0,100,0.0
2026-04-03 09:30:41.900,20260403,93041900,000009.SZ,1547669,2,1458054,1547668,8.74,200,1748.0
2026-04-03 09:30:41.920,20260403,93041920,000009.SZ,1547924,1,1547923,1547668,8.74,100,874.0
2026-04-03 09:30:41.980,20260403,93041980,000009.SZ,1548828,1,1548827,1547668,8.74,100,874.0
2026-04-03 09:30:42.140,20260403,93042140,000009.SZ,1551364,1,1551363,1547668,8.74,600,5244.0
2026-04-03 09:30:42.280,20260403,93042280,000009.SZ,1555178,-1,1551542,0,0.0,800,0.0
2026-04-03 09:30:42.650,20260403,93042650,000009.SZ,1562665,2,1555398,1562664,8.75,300,2625.0
2026-04-03 09:30:42.890,20260403,93042890,000009.SZ,1567830,2,1555398,1567829,8.75,1200,10500.0
2026-04-03 09:30:43.720,20260403,93043720,000009.SZ,1582843,-1,1552023,0,0.0,500,0.0
2026-04-03 09:30:44.940,20260403,93044940,000009.SZ,1597727,2,1555398,1597726,8.75,1900,16625.0
2026-04-03 09:30:45.040,20260403,93045040,000009.SZ,1599036,2,1555398,1599035,8.75,100,875.0
2026-04-03 09:30:45.040,20260403,93045040,000009.SZ,1599037,2,1555400,1599035,8.75,100,875.0
2026-04-03 09:30:45.150,20260403,93045150,000009.SZ,1600593,1,1600592,1483626,8.76,15300,134028.0
2026-04-03 09:30:45.150,20260403,93045150,000009.SZ,1600596,1,1600595,1483626,8.76,2500,21900.0
2026-04-03 09:30:45.150,20260403,93045150,000009.SZ,1600598,1,1600597,1483626,8.76,12900,113004.0
2026-04-03 09:30:45.380,20260403,93045380,000009.SZ,1604004,2,1555400,1604003,8.75,2000,17500.0
2026-04-03 09:30:45.600,20260403,93045600,000009.SZ,1607638,2,1555400,1607637,8.75,1400,12250.0
2026-04-03 09:30:45.700,20260403,93045700,000009.SZ,1608966,-1,1553781,0,0.0,100,0.0
2026-04-03 09:30:45.700,20260403,93045700,000009.SZ,1609002,-1,1553702,0,0.0,100,0.0
2026-04-03 09:30:46.020,20260403,93046020,000009.SZ,1613692,1,1613691,1607637,8.75,300,2625.0
2026-04-03 09:30:46.020,20260403,93046020,000009.SZ,1613693,1,1613691,1613512,8.75,2000,17500.0
2026-04-03 09:30:46.060,20260403,93046060,000009.SZ,1614198,1,1614197,1483626,8.76,2100,18396.0
2026-04-03 09:30:46.080,20260403,93046080,000009.SZ,1614393,1,1614392,1483626,8.76,2100,18396.0
2026-04-03 09:30:46.090,20260403,93046090,000009.SZ,1614521,1,1614520,1483626,8.76,2100,18396.0
2026-04-03 09:30:46.110,20260403,93046110,000009.SZ,1614669,1,1614668,1483626,8.76,2100,18396.0
2026-04-03 09:30:46.120,20260403,93046120,000009.SZ,1614876,1,1614875,1483626,8.76,2000,17520.0
2026-04-03 09:30:46.120,20260403,93046120,000009.SZ,1614887,1,1614886,1483626,8.76,200,1752.0
2026-04-03 09:30:46.140,20260403,93046140,000009.SZ,1615163,1,1615162,1483626,8.76,100,876.0
2026-04-03 09:30:46.140,20260403,93046140,000009.SZ,1615167,1,1615166,1483626,8.76,2100,18396.0
2026-04-03 09:30:46.190,20260403,93046190,000009.SZ,1615806,2,1613992,1615805,8.75,1700,14875.0
2026-04-03 09:30:46.280,20260403,93046280,000009.SZ,1616804,-1,1615141,0,0.0,200,0.0
2026-04-03 09:30:46.530,20260403,93046530,000009.SZ,1620140,-1,1617004,0,0.0,200,0.0
2026-04-03 09:30:47.260,20260403,93047260,000009.SZ,1630320,-1,1455477,0,0.0,600,0.0
2026-04-03 09:30:47.270,20260403,93047270,000009.SZ,1630380,-1,1620354,0,0.0,200,0.0
2026-04-03 09:30:47.280,20260403,93047280,000009.SZ,1630519,-1,1456048,0,0.0,1400,0.0
2026-04-03 09:30:47.370,20260403,93047370,000009.SZ,1631511,-1,1455441,0,0.0,600,0.0
2026-04-03 09:30:47.380,20260403,93047380,000009.SZ,1631627,-1,1630462,0,0.0,1500,0.0
2026-04-03 09:30:47.390,20260403,93047390,000009.SZ,1631670,-1,1617247,0,0.0,200,0.0
2026-04-03 09:30:47.440,20260403,93047440,000009.SZ,1632283,2,1613992,1632282,8.75,400,3500.0
2026-04-03 09:30:47.440,20260403,93047440,000009.SZ,1632284,2,1631668,1632282,8.75,1500,13125.0
2026-04-03 09:30:47.550,20260403,93047550,000009.SZ,1633285,1,1633284,1632952,8.75,500,4375.0
2026-04-03 09:30:47.920,20260403,93047920,000009.SZ,1636797,2,1551363,1636796,8.74,1800,15732.0
2026-04-03 09:30:47.920,20260403,93047920,000009.SZ,1636798,2,1551380,1636796,8.74,800,6992.0
2026-04-03 09:30:47.920,20260403,93047920,000009.SZ,1636799,2,1552207,1636796,8.74,100,874.0
2026-04-03 09:30:47.920,20260403,93047920,000009.SZ,1636800,2,1552209,1636796,8.74,100,874.0
2026-04-03 09:30:47.920,20260403,93047920,000009.SZ,1636801,2,1552390,1636796,8.74,300,2622.0
2026-04-03 09:30:47.920,20260403,93047920,000009.SZ,1636802,2,1553039,1636796,8.74,200,1748.0
2026-04-03 09:30:47.940,20260403,93047940,000009.SZ,1636988,2,1553039,1636987,8.74,200,1748.0
2026-04-03 09:30:47.940,20260403,93047940,000009.SZ,1636989,2,1556762,1636987,8.74,300,2622.0
2026-04-03 09:30:47.940,20260403,93047940,000009.SZ,1636990,2,1608150,1636987,8.74,700,6118.0
2026-04-03 09:30:48.030,20260403,93048030,000009.SZ,1638337,-1,575284,0,0.0,1200,0.0
2026-04-03 09:30:48.070,20260403,93048070,000009.SZ,1638816,-1,1455478,0,0.0,1500,0.0
2026-04-03 09:30:48.150,20260403,93048150,000009.SZ,1639703,2,1608150,1639702,8.74,700,6118.0
2026-04-03 09:30:49.200,20260403,93049200,000009.SZ,1652664,1,1652663,1632952,8.75,400,3500.0
2026-04-03 09:30:49.940,20260403,93049940,000009.SZ,1662587,2,1608150,1662586,8.74,500,4370.0
2026-04-03 09:30:49.940,20260403,93049940,000009.SZ,1662588,2,1614041,1662586,8.74,4900,42826.0
2026-04-03 09:30:49.940,20260403,93049940,000009.SZ,1662589,2,1616630,1662586,8.74,500,4370.0
2026-04-03 09:30:49.940,20260403,93049940,000009.SZ,1662590,2,1655017,1662586,8.74,500,4370.0
2026-04-03 09:30:49.940,20260403,93049940,000009.SZ,1662591,2,1660392,1662586,8.74,800,6992.0
2026-04-03 09:30:50.150,20260403,93050150,000009.SZ,1664915,1,1664914,1662669,8.74,1100,9614.0
2026-04-03 09:30:50.150,20260403,93050150,000009.SZ,1664916,1,1664914,1632952,8.75,2400,21000.0
2026-04-03 09:30:50.150,20260403,93050150,000009.SZ,1664917,1,1664914,1639942,8.75,200,1750.0
2026-04-03 09:30:50.150,20260403,93050150,000009.SZ,1664978,2,1454683,1664977,8.73,600,5238.0
2026-04-03 09:30:50.480,20260403,93050480,000009.SZ,1668398,1,1668397,1665315,8.74,1100,9614.0
2026-04-03 09:30:50.490,20260403,93050490,000009.SZ,1668466,2,1668397,1668465,8.74,3900,34086.0
2026-04-03 09:30:50.840,20260403,93050840,000009.SZ,1672484,1,1672483,1668564,8.74,1000,8740.0
2026-04-03 09:30:51.030,20260403,93051030,000009.SZ,1674409,1,1674408,1668564,8.74,100,874.0
2026-04-03 09:30:51.610,20260403,93051610,000009.SZ,1681963,2,1674837,1681962,8.74,100,874.0
2026-04-03 09:30:51.610,20260403,93051610,000009.SZ,1681964,2,1675041,1681962,8.74,100,874.0
2026-04-03 09:30:51.650,20260403,93051650,000009.SZ,1682527,1,1682526,1681962,8.74,700,6118.0
2026-04-03 09:30:51.700,20260403,93051700,000009.SZ,1683289,1,1683288,1681962,8.74,600,5244.0
2026-04-03 09:30:52.310,20260403,93052310,000009.SZ,1690900,1,1690899,1681962,8.74,200,1748.0
2026-04-03 09:30:52.610,20260403,93052610,000009.SZ,1694473,1,1694472,1681962,8.74,2400,20976.0
2026-04-03 09:30:52.790,20260403,93052790,000009.SZ,1696677,1,1696676,1681962,8.74,5900,51566.0
2026-04-03 09:30:52.790,20260403,93052790,000009.SZ,1696678,1,1696676,1691767,8.74,2000,17480.0
2026-04-03 09:30:52.790,20260403,93052790,000009.SZ,1696679,1,1696676,1696544,8.74,6700,58558.0
2026-04-03 09:30:53.010,20260403,93053010,000009.SZ,1699148,1,1699147,1696544,8.74,2800,24472.0
2026-04-03 09:30:53.070,20260403,93053070,000009.SZ,1699671,-1,1455485,0,0.0,200,0.0
2026-04-03 09:30:53.070,20260403,93053070,000009.SZ,1699676,-1,1455623,0,0.0,700,0.0
2026-04-03 09:30:53.070,20260403,93053070,000009.SZ,1699707,-1,1455804,0,0.0,2500,0.0
2026-04-03 09:30:53.070,20260403,93053070,000009.SZ,1699719,-1,565211,0,0.0,1200,0.0
2026-04-03 09:30:53.080,20260403,93053080,000009.SZ,1699774,-1,1456933,0,0.0,1100,0.0
2026-04-03 09:30:53.080,20260403,93053080,000009.SZ,1699847,-1,1481881,0,0.0,1200,0.0
2026-04-03 09:30:53.090,20260403,93053090,000009.SZ,1699960,-1,1456070,0,0.0,1200,0.0
2026-04-03 09:30:53.680,20260403,93053680,000009.SZ,1705258,-1,1041850,0,0.0,100,0.0
2026-04-03 09:30:54.190,20260403,93054190,000009.SZ,1710199,1,1710198,1696544,8.74,100,874.0
2026-04-03 09:30:55.750,20260403,93055750,000009.SZ,1729792,1,1729791,1696544,8.74,100,874.0
2026-04-03 09:30:55.760,20260403,93055760,000009.SZ,1729906,1,1729905,1696544,8.74,100,874.0
2026-04-03 09:30:55.760,20260403,93055760,000009.SZ,1729908,1,1729907,1696544,8.74,300,2622.0
2026-04-03 09:30:55.770,20260403,93055770,000009.SZ,1729968,1,1729967,1696544,8.74,400,3496.0
2026-04-03 09:30:55.770,20260403,93055770,000009.SZ,1730001,1,1730000,1696544,8.74,100,874.0
2026-04-03 09:30:55.940,20260403,93055940,000009.SZ,1731767,1,1731766,1696544,8.74,100,874.0
2026-04-03 09:30:55.940,20260403,93055940,000009.SZ,1731771,1,1731770,1696544,8.74,200,1748.0
2026-04-03 09:30:55.940,20260403,93055940,000009.SZ,1731773,1,1731772,1696544,8.74,100,874.0
2026-04-03 09:30:55.940,20260403,93055940,000009.SZ,1731775,1,1731774,1696544,8.74,200,1748.0
2026-04-03 09:30:55.940,20260403,93055940,000009.SZ,1731781,1,1731780,1696544,8.74,100,874.0
2026-04-03 09:30:55.950,20260403,93055950,000009.SZ,1731806,1,1731805,1696544,8.74,300,2622.0
2026-04-03 09:30:55.950,20260403,93055950,000009.SZ,1731861,1,1731860,1696544,8.74,100,874.0
2026-04-03 09:30:55.960,20260403,93055960,000009.SZ,1731912,1,1731911,1696544,8.74,100,874.0
2026-04-03 09:30:56.590,20260403,93056590,000009.SZ,1738267,1,1738266,1696544,8.74,100,874.0
2026-04-03 09:30:56.590,20260403,93056590,000009.SZ,1738269,1,1738268,1696544,8.74,100,874.0
2026-04-03 09:30:56.590,20260403,93056590,000009.SZ,1738275,1,1738274,1696544,8.74,100,874.0
2026-04-03 09:30:56.610,20260403,93056610,000009.SZ,1738444,1,1738443,1696544,8.74,100,874.0
2026-04-03 09:30:56.630,20260403,93056630,000009.SZ,1738610,-1,240151,0,0.0,100,0.0
2026-04-03 09:30:57.150,20260403,93057150,000009.SZ,1743550,1,1743549,1696544,8.74,700,6118.0
2026-04-03 09:30:57.170,20260403,93057170,000009.SZ,1743780,1,1743779,1696544,8.74,1300,11362.0
2026-04-03 09:30:57.170,20260403,93057170,000009.SZ,1743781,1,1743779,1696741,8.74,1100,9614.0
2026-04-03 09:30:57.170,20260403,93057170,000009.SZ,1743782,1,1743779,1707684,8.74,2000,17480.0
2026-04-03 09:30:57.170,20260403,93057170,000009.SZ,1743783,1,1743779,1707868,8.74,500,4370.0
2026-04-03 09:30:57.170,20260403,93057170,000009.SZ,1743784,1,1743779,1713531,8.74,1800,15732.0
2026-04-03 09:30:57.170,20260403,93057170,000009.SZ,1743785,1,1743779,1740359,8.74,2000,17480.0
2026-04-03 09:30:57.170,20260403,93057170,000009.SZ,1743786,1,1743779,1639942,8.75,100,875.0
2026-04-03 09:30:57.170,20260403,93057170,000009.SZ,1743787,1,1743779,1647184,8.75,1200,10500.0
2026-04-03 09:30:57.220,20260403,93057220,000009.SZ,1744529,1,1744528,1743857,8.74,100,874.0
2026-04-03 09:30:57.220,20260403,93057220,000009.SZ,1744535,1,1744534,1743857,8.74,100,874.0
2026-04-03 09:30:57.220,20260403,93057220,000009.SZ,1744539,1,1744538,1743857,8.74,100,874.0
2026-04-03 09:30:57.220,20260403,93057220,000009.SZ,1744552,1,1744551,1743857,8.74,100,874.0
2026-04-03 09:30:57.240,20260403,93057240,000009.SZ,1744821,1,1744820,1743857,8.74,100,874.0
2026-04-03 09:30:57.520,20260403,93057520,000009.SZ,1747802,1,1747801,1743857,8.74,100,874.0
2026-04-03 09:30:57.520,20260403,93057520,000009.SZ,1747804,1,1747803,1743857,8.74,300,2622.0
2026-04-03 09:30:57.520,20260403,93057520,000009.SZ,1747807,1,1747806,1743857,8.74,200,1748.0
2026-04-03 09:30:57.520,20260403,93057520,000009.SZ,1747809,1,1747808,1743857,8.74,200,1748.0
2026-04-03 09:30:57.520,20260403,93057520,000009.SZ,1747810,1,1747808,1744368,8.74,100,874.0
2026-04-03 09:30:57.520,20260403,93057520,000009.SZ,1747811,1,1747808,1747690,8.74,100,874.0
2026-04-03 09:30:57.530,20260403,93057530,000009.SZ,1747938,1,1747937,1747690,8.74,200,1748.0
2026-04-03 09:30:57.530,20260403,93057530,000009.SZ,1747944,1,1747943,1747690,8.74,100,874.0
2026-04-03 09:30:57.540,20260403,93057540,000009.SZ,1748014,1,1748013,1747690,8.74,200,1748.0
2026-04-03 09:30:57.590,20260403,93057590,000009.SZ,1748550,1,1748549,1747690,8.74,200,1748.0
2026-04-03 09:30:57.600,20260403,93057600,000009.SZ,1748690,1,1748689,1747690,8.74,200,1748.0
2026-04-03 09:30:57.600,20260403,93057600,000009.SZ,1748692,1,1748691,1747690,8.74,100,874.0
2026-04-03 09:30:57.600,20260403,93057600,000009.SZ,1748694,1,1748693,1747690,8.74,100,874.0
2026-04-03 09:30:57.600,20260403,93057600,000009.SZ,1748697,1,1748696,1747690,8.74,300,2622.0
2026-04-03 09:30:57.620,20260403,93057620,000009.SZ,1748784,1,1748783,1747690,8.74,100,874.0
2026-04-03 09:30:57.930,20260403,93057930,000009.SZ,1752472,1,1752471,1747690,8.74,3900,34086.0
2026-04-03 09:30:58.290,20260403,93058290,000009.SZ,1756758,2,1454683,1756757,8.73,1000,8730.0
2026-04-03 09:30:59.160,20260403,93059160,000009.SZ,1766958,2,1454683,1766957,8.73,200,1746.0
2026-04-03 09:30:59.160,20260403,93059160,000009.SZ,1766959,2,1454847,1766957,8.73,1800,15714.0
2026-04-03 09:30:59.160,20260403,93059160,000009.SZ,1766960,2,1454849,1766957,8.73,300,2619.0
2026-04-03 09:30:59.160,20260403,93059160,000009.SZ,1766961,2,1454852,1766957,8.73,200,1746.0
2026-04-03 09:30:59.160,20260403,93059160,000009.SZ,1766962,2,1454853,1766957,8.73,300,2619.0
2026-04-03 09:30:59.160,20260403,93059160,000009.SZ,1766963,2,1454854,1766957,8.73,300,2619.0
2026-04-03 09:30:59.160,20260403,93059160,000009.SZ,1766964,2,1455860,1766957,8.73,500,4365.0
2026-04-03 09:30:59.920,20260403,93059920,000009.SZ,1773563,2,1455860,1773562,8.73,500,4365.0
2026-04-03 09:31:00.490,20260403,93100490,000009.SZ,1782580,1,1782579,1747690,8.74,200,1748.0
2026-04-03 09:31:00.860,20260403,93100860,000009.SZ,1788799,-1,0,1722874,0.0,3000,0.0
2026-04-03 09:31:03.440,20260403,93103440,000009.SZ,1824339,-1,33529,0,0.0,3000,0.0
2026-04-03 09:31:03.460,20260403,93103460,000009.SZ,1824595,1,1824594,1747690,8.74,200,1748.0
2026-04-03 09:31:03.460,20260403,93103460,000009.SZ,1824600,1,1824599,1747690,8.74,100,874.0
2026-04-03 09:31:03.480,20260403,93103480,000009.SZ,1824812,1,1824811,1747690,8.74,100,874.0
2026-04-03 09:31:03.480,20260403,93103480,000009.SZ,1824848,-1,1456030,0,0.0,1800,0.0
2026-04-03 09:31:03.480,20260403,93103480,000009.SZ,1824849,-1,1460789,0,0.0,1800,0.0
2026-04-03 09:31:03.480,20260403,93103480,000009.SZ,1824850,-1,1456123,0,0.0,1700,0.0
2026-04-03 09:31:03.480,20260403,93103480,000009.SZ,1824851,-1,1456615,0,0.0,1800,0.0
2026-04-03 09:31:03.480,20260403,93103480,000009.SZ,1824866,-1,1456182,0,0.0,1800,0.0
2026-04-03 09:31:03.480,20260403,93103480,000009.SZ,1824869,-1,1456631,0,0.0,1800,0.0
2026-04-03 09:31:03.480,20260403,93103480,000009.SZ,1824884,1,1824883,1747690,8.74,100,874.0
2026-04-03 09:31:03.480,20260403,93103480,000009.SZ,1824970,-1,1456629,0,0.0,1800,0.0
2026-04-03 09:31:03.480,20260403,93103480,000009.SZ,1824974,-1,1456181,0,0.0,1800,0.0
2026-04-03 09:31:03.490,20260403,93103490,000009.SZ,1825098,1,1825097,1747690,8.74,100,874.0
2026-04-03 09:31:03.490,20260403,93103490,000009.SZ,1825102,1,1825101,1747690,8.74,100,874.0
2026-04-03 09:31:03.490,20260403,93103490,000009.SZ,1825127,1,1825126,1747690,8.74,100,874.0
2026-04-03 09:31:03.490,20260403,93103490,000009.SZ,1825148,-1,1455860,0,0.0,800,0.0
2026-04-03 09:31:03.490,20260403,93103490,000009.SZ,1825205,-1,1456024,0,0.0,1800,0.0
2026-04-03 09:31:03.490,20260403,93103490,000009.SZ,1825206,-1,1456025,0,0.0,1800,0.0
2026-04-03 09:31:03.500,20260403,93103500,000009.SZ,1825279,-1,1456023,0,0.0,1800,0.0
2026-04-03 09:31:03.500,20260403,93103500,000009.SZ,1825280,-1,1456026,0,0.0,1800,0.0
2026-04-03 09:31:03.500,20260403,93103500,000009.SZ,1825284,-1,1469196,0,0.0,1800,0.0
2026-04-03 09:31:03.500,20260403,93103500,000009.SZ,1825285,-1,1469197,0,0.0,100,0.0
2026-04-03 09:31:03.500,20260403,93103500,000009.SZ,1825286,-1,1469212,0,0.0,1800,0.0
2026-04-03 09:31:03.500,20260403,93103500,000009.SZ,1825435,-1,1457553,0,0.0,1800,0.0
2026-04-03 09:31:03.500,20260403,93103500,000009.SZ,1825437,-1,1456637,0,0.0,1000,0.0
2026-04-03 09:31:03.500,20260403,93103500,000009.SZ,1825448,-1,1456074,0,0.0,800,0.0
2026-04-03 09:31:03.500,20260403,93103500,000009.SZ,1825456,-1,1459415,0,0.0,1800,0.0
2026-04-03 09:31:03.560,20260403,93103560,000009.SZ,1826806,-1,1457046,0,0.0,1800,0.0
2026-04-03 09:31:03.560,20260403,93103560,000009.SZ,1826807,-1,1456423,0,0.0,1800,0.0
2026-04-03 09:31:04.960,20260403,93104960,000009.SZ,1846992,2,1721219,1846991,8.73,100,873.0
2026-04-03 09:31:04.960,20260403,93104960,000009.SZ,1846993,2,1766769,1846991,8.73,3600,31428.0
2026-04-03 09:31:04.970,20260403,93104970,000009.SZ,1847074,-1,1458447,0,0.0,100,0.0
2026-04-03 09:31:04.980,20260403,93104980,000009.SZ,1847148,-1,1455589,0,0.0,7100,0.0
2026-04-03 09:31:05.000,20260403,93105000,000009.SZ,1847349,-1,1455045,0,0.0,7100,0.0
2026-04-03 09:31:07.150,20260403,93107150,000009.SZ,1874929,1,1874928,1846991,8.73,500,4365.0
2026-04-03 09:31:07.490,20260403,93107490,000009.SZ,1880027,1,1880026,1846991,8.73,1300,11349.0
2026-04-03 09:31:08.160,20260403,93108160,000009.SZ,1888110,-1,0,1776223,0.0,600,0.0
2026-04-03 09:31:08.290,20260403,93108290,000009.SZ,1889407,-1,33528,0,0.0,3000,0.0
2026-04-03 09:31:08.850,20260403,93108850,000009.SZ,1895205,-1,0,1721869,0.0,3000,0.0
2026-04-03 09:31:10.010,20260403,93110010,000009.SZ,1909742,2,1454684,1909741,8.72,800,6976.0
2026-04-03 09:31:10.010,20260403,93110010,000009.SZ,1909743,2,1454693,1909741,8.72,1700,14824.0
2026-04-03 09:31:10.040,20260403,93110040,000009.SZ,1910142,2,1454698,1910141,8.72,400,3488.0
2026-04-03 09:31:10.050,20260403,93110050,000009.SZ,1910366,-1,1454698,0,0.0,1300,0.0
2026-04-03 09:31:10.150,20260403,93110150,000009.SZ,1911797,2,1454880,1911796,8.72,1700,14824.0
2026-04-03 09:31:10.260,20260403,93110260,000009.SZ,1913172,-1,1898320,0,0.0,200,0.0
2026-04-03 09:31:10.630,20260403,93110630,000009.SZ,1918897,2,1454880,1918896,8.72,5400,47088.0
2026-04-03 09:31:10.630,20260403,93110630,000009.SZ,1918898,2,1456086,1918896,8.72,900,7848.0
2026-04-03 09:31:10.630,20260403,93110630,000009.SZ,1918899,2,1456398,1918896,8.72,2500,21800.0
2026-04-03 09:31:10.630,20260403,93110630,000009.SZ,1918900,2,1479508,1918896,8.72,500,4360.0
2026-04-03 09:31:10.630,20260403,93110630,000009.SZ,1918901,2,1669115,1918896,8.72,100,872.0
2026-04-03 09:31:10.630,20260403,93110630,000009.SZ,1918902,2,1902598,1918896,8.72,100,872.0
2026-04-03 09:31:10.630,20260403,93110630,000009.SZ,1918903,2,1918618,1918896,8.72,500,4360.0
2026-04-03 09:31:10.750,20260403,93110750,000009.SZ,1920605,-1,662367,0,0.0,600,0.0
2026-04-03 09:31:11.020,20260403,93111020,000009.SZ,1924268,2,1243213,1924267,8.71,1000,8710.0
2026-04-03 09:31:11.530,20260403,93111530,000009.SZ,1929948,-1,874081,0,0.0,23100,0.0
2026-04-03 09:31:11.860,20260403,93111860,000009.SZ,1933170,1,1933169,1922659,8.72,400,3488.0
2026-04-03 09:31:11.860,20260403,93111860,000009.SZ,1933171,1,1933169,1846991,8.73,800,6984.0
2026-04-03 09:31:12.120,20260403,93112120,000009.SZ,1936174,1,1936173,1933280,8.72,100,872.0
2026-04-03 09:31:12.120,20260403,93112120,000009.SZ,1936198,1,1936197,1933280,8.72,100,872.0
2026-04-03 09:31:12.150,20260403,93112150,000009.SZ,1936563,2,1243213,1936562,8.71,300,2613.0
2026-04-03 09:31:12.160,20260403,93112160,000009.SZ,1936631,2,1243213,1936630,8.71,2000,17420.0
2026-04-03 09:31:12.730,20260403,93112730,000009.SZ,1945565,1,1945564,1933280,8.72,1200,10464.0
2026-04-03 09:31:12.730,20260403,93112730,000009.SZ,1945566,1,1945564,1936765,8.72,100,872.0
2026-04-03 09:31:12.730,20260403,93112730,000009.SZ,1945567,1,1945564,1846991,8.73,100,873.0
2026-04-03 09:31:12.760,20260403,93112760,000009.SZ,1945848,-1,573060,0,0.0,3100,0.0
2026-04-03 09:31:14.050,20260403,93114050,000009.SZ,1962655,2,1243213,1962654,8.71,500,4355.0
2026-04-03 09:31:14.060,20260403,93114060,000009.SZ,1962811,2,1243213,1962810,8.71,5900,51389.0
2026-04-03 09:31:14.070,20260403,93114070,000009.SZ,1962822,2,1243213,1962821,8.71,300,2613.0
2026-04-03 09:31:14.070,20260403,93114070,000009.SZ,1962823,2,1501357,1962821,8.71,2000,17420.0
2026-04-03 09:31:14.080,20260403,93114080,000009.SZ,1962970,-1,1107944,0,0.0,400,0.0
2026-04-03 09:31:14.490,20260403,93114490,000009.SZ,1967292,1,1967291,1962821,8.71,600,5226.0
2026-04-03 09:31:14.760,20260403,93114760,000009.SZ,1969942,-1,0,1895423,0.0,600,0.0
2026-04-03 09:31:14.770,20260403,93114770,000009.SZ,1970065,-1,0,1705727,0.0,8200,0.0
2026-04-03 09:31:15.100,20260403,93115100,000009.SZ,1973337,-1,0,1962954,0.0,2400,0.0
2026-04-03 09:31:15.990,20260403,93115990,000009.SZ,1984823,2,1033654,1984822,8.7,100,870.0
2026-04-03 09:31:15.990,20260403,93115990,000009.SZ,1984824,2,1358994,1984822,8.7,1000,8700.0
2026-04-03 09:31:15.990,20260403,93115990,000009.SZ,1984825,2,1863679,1984822,8.7,300,2610.0
2026-04-03 09:31:15.990,20260403,93115990,000009.SZ,1984826,2,1892274,1984822,8.7,5000,43500.0
2026-04-03 09:31:17.470,20260403,93117470,000009.SZ,2002145,-1,0,1681511,0.0,1000,0.0
2026-04-03 09:31:17.480,20260403,93117480,000009.SZ,2002265,2,584733,2002264,8.69,100,869.0
2026-04-03 09:31:17.670,20260403,93117670,000009.SZ,2003872,-1,0,1963033,0.0,2300,0.0
2026-04-03 09:31:17.690,20260403,93117690,000009.SZ,2003994,-1,0,1723606,0.0,900,0.0
2026-04-03 09:31:17.840,20260403,93117840,000009.SZ,2005186,-1,0,1963032,0.0,2200,0.0
2026-04-03 09:31:18.150,20260403,93118150,000009.SZ,2008125,2,584733,2008124,8.69,100,869.0
2026-04-03 09:31:18.150,20260403,93118150,000009.SZ,2008127,2,584733,2008126,8.69,457,3971.33
2026-04-03 09:31:18.150,20260403,93118150,000009.SZ,2008128,2,816614,2008126,8.69,300,2607.0
2026-04-03 09:31:18.150,20260403,93118150,000009.SZ,2008129,2,856021,2008126,8.69,300,2607.0
2026-04-03 09:31:18.150,20260403,93118150,000009.SZ,2008130,2,1509524,2008126,8.69,43,373.67
2026-04-03 09:31:18.150,20260403,93118150,000009.SZ,2008223,2,1509524,2008222,8.69,157,1364.33
2026-04-03 09:31:18.150,20260403,93118150,000009.SZ,2008224,2,1969494,2008222,8.69,1943,16884.67
2026-04-03 09:31:18.340,20260403,93118340,000009.SZ,2010600,-1,0,1509525,0.0,200,0.0
2026-04-03 09:31:18.340,20260403,93118340,000009.SZ,2010732,2,1969494,2010731,8.69,57,495.33
2026-04-03 09:31:19.080,20260403,93119080,000009.SZ,2020259,-1,0,1962937,0.0,2300,0.0
2026-04-03 09:31:19.270,20260403,93119270,000009.SZ,2022827,-1,0,604132,0.0,8300,0.0
2026-04-03 09:31:19.470,20260403,93119470,000009.SZ,2026143,-1,0,2010731,0.0,43,0.0
2026-04-03 09:31:19.470,20260403,93119470,000009.SZ,2026242,-1,0,2008217,0.0,4100,0.0
2026-04-03 09:31:20.280,20260403,93120280,000009.SZ,2034921,-1,0,1900753,0.0,1400,0.0
2026-04-03 09:31:20.880,20260403,93120880,000009.SZ,2040622,2,512241,2040621,8.68,300,2604.0
2026-04-03 09:31:20.880,20260403,93120880,000009.SZ,2040623,2,516718,2040621,8.68,500,4340.0
2026-04-03 09:31:20.880,20260403,93120880,000009.SZ,2040624,2,647263,2040621,8.68,400,3472.0
2026-04-03 09:31:20.890,20260403,93120890,000009.SZ,2040719,-1,0,2026384,0.0,4100,0.0
2026-04-03 09:31:20.980,20260403,93120980,000009.SZ,2041670,-1,0,1676909,0.0,100,0.0
2026-04-03 09:31:21.050,20260403,93121050,000009.SZ,2042362,1,2042361,1996868,8.7,100,870.0
2026-04-03 09:31:21.070,20260403,93121070,000009.SZ,2042549,1,2042548,1996868,8.7,200,1740.0
2026-04-03 09:31:21.090,20260403,93121090,000009.SZ,2042741,2,2042719,2042740,8.69,200,1738.0
2026-04-03 09:31:21.090,20260403,93121090,000009.SZ,2042742,2,647263,2042740,8.68,100,868.0
2026-04-03 09:31:21.090,20260403,93121090,000009.SZ,2042743,2,733281,2042740,8.68,100,868.0
2026-04-03 09:31:21.090,20260403,93121090,000009.SZ,2042744,2,810876,2042740,8.68,1200,10416.0
2026-04-03 09:31:21.190,20260403,93121190,000009.SZ,2043895,-1,0,2042798,0.0,200,0.0
2026-04-03 09:31:21.360,20260403,93121360,000009.SZ,2045885,-1,0,1969960,0.0,600,0.0
2026-04-03 09:31:22.110,20260403,93122110,000009.SZ,2055120,2,810876,2055119,8.68,100,868.0
2026-04-03 09:31:22.120,20260403,93122120,000009.SZ,2055200,2,810876,2055199,8.68,100,868.0
2026-04-03 09:31:22.210,20260403,93122210,000009.SZ,2056361,-1,0,1695039,0.0,3700,0.0
2026-04-03 09:31:22.220,20260403,93122220,000009.SZ,2056543,-1,0,2040763,0.0,4100,0.0
2026-04-03 09:31:22.340,20260403,93122340,000009.SZ,2058163,-1,0,1762444,0.0,3000,0.0
2026-04-03 09:31:23.400,20260403,93123400,000009.SZ,2070466,-1,0,1868451,0.0,500,0.0
2026-04-03 09:31:23.400,20260403,93123400,000009.SZ,2070515,2,810876,2070514,8.68,1000,8680.0
2026-04-03 09:31:23.590,20260403,93123590,000009.SZ,2072296,1,2072295,2045929,8.69,600,5214.0
2026-04-03 09:31:23.590,20260403,93123590,000009.SZ,2072297,1,2072295,1996868,8.7,100,870.0
2026-04-03 09:31:23.590,20260403,93123590,000009.SZ,2072298,1,2072295,2040735,8.7,1000,8700.0
2026-04-03 09:31:24.180,20260403,93124180,000009.SZ,2077664,2,810876,2077663,8.68,7100,61628.0
2026-04-03 09:31:26.080,20260403,93126080,000009.SZ,2099548,-1,660203,0,0.0,12200,0.0
2026-04-03 09:31:26.090,20260403,93126090,000009.SZ,2099574,2,810876,2099573,8.68,600,5208.0
2026-04-03 09:31:26.790,20260403,93126790,000009.SZ,2106005,-1,0,1724408,0.0,1000,0.0
2026-04-03 09:31:26.850,20260403,93126850,000009.SZ,2106573,1,2106572,2079237,8.69,700,6083.0
2026-04-03 09:31:27.720,20260403,93127720,000009.SZ,2116170,-1,1962573,0,0.0,500,0.0
2026-04-03 09:31:27.890,20260403,93127890,000009.SZ,2117948,-1,0,1635343,0.0,2000,0.0
2026-04-03 09:31:28.200,20260403,93128200,000009.SZ,2121241,-1,0,1884474,0.0,2000,0.0
2026-04-03 09:31:28.640,20260403,93128640,000009.SZ,2127012,1,2127011,2079237,8.69,100,869.0
2026-04-03 09:31:28.650,20260403,93128650,000009.SZ,2127094,2,810876,2127093,8.68,800,6944.0
2026-04-03 09:31:29.440,20260403,93129440,000009.SZ,2134832,-1,0,233204,0.0,6000,0.0
2026-04-03 09:31:29.650,20260403,93129650,000009.SZ,2137279,1,2137278,2079237,8.69,700,6083.0
2026-04-03 09:31:29.650,20260403,93129650,000009.SZ,2137280,1,2137278,2081379,8.69,300,2607.0
2026-04-03 09:31:29.850,20260403,93129850,000009.SZ,2139010,1,2139009,2081379,8.69,700,6083.0
2026-04-03 09:31:29.890,20260403,93129890,000009.SZ,2139404,-1,2042119,0,0.0,400,0.0
2026-04-03 09:31:30.190,20260403,93130190,000009.SZ,2143008,1,2143007,2081379,8.69,600,5214.0
2026-04-03 09:31:33.790,20260403,93133790,000009.SZ,2187259,2,810876,2187258,8.68,2000,17360.0
2026-04-03 09:31:34.250,20260403,93134250,000009.SZ,2192927,-1,2179395,0,0.0,200,0.0
2026-04-03 09:31:34.940,20260403,93134940,000009.SZ,2200594,1,2200593,2081379,8.69,2500,21725.0
2026-04-03 09:31:34.940,20260403,93134940,000009.SZ,2200595,1,2200593,2150762,8.69,5000,43450.0
2026-04-03 09:31:34.950,20260403,93134950,000009.SZ,2200654,2,2200593,2200653,8.69,100,869.0
2026-04-03 09:31:35.770,20260403,93135770,000009.SZ,2208538,-1,0,1911554,0.0,14100,0.0
2026-04-03 09:31:36.150,20260403,93136150,000009.SZ,2212687,2,2200593,2212686,8.69,100,869.0
2026-04-03 09:31:36.150,20260403,93136150,000009.SZ,2212695,2,2200593,2212694,8.69,100,869.0
2026-04-03 09:31:36.160,20260403,93136160,000009.SZ,2212814,2,2200593,2212813,8.69,500,4345.0
2026-04-03 09:31:36.260,20260403,93136260,000009.SZ,2214250,-1,0,532398,0.0,2000,0.0
2026-04-03 09:31:36.300,20260403,93136300,000009.SZ,2214756,-1,0,1668181,0.0,4000,0.0
2026-04-03 09:31:36.560,20260403,93136560,000009.SZ,2217582,-1,0,1055107,0.0,200,0.0
2026-04-03 09:31:36.890,20260403,93136890,000009.SZ,2220996,2,2200593,2220995,8.69,900,7821.0
2026-04-03 09:31:38.320,20260403,93138320,000009.SZ,2236723,2,2200593,2236722,8.69,100,869.0
2026-04-03 09:31:38.350,20260403,93138350,000009.SZ,2236964,-1,0,1699675,0.0,1500,0.0
2026-04-03 09:31:38.830,20260403,93138830,000009.SZ,2241287,2,2200593,2241286,8.69,700,6083.0
2026-04-03 09:31:40.950,20260403,93140950,000009.SZ,2263625,-1,0,1899263,0.0,3000,0.0
2026-04-03 09:31:40.990,20260403,93140990,000009.SZ,2263929,1,2263928,2241286,8.69,200,1738.0
2026-04-03 09:31:40.990,20260403,93140990,000009.SZ,2263930,1,2263928,2040735,8.7,500,4350.0
2026-04-03 09:31:42.230,20260403,93142230,000009.SZ,2275549,-1,0,2008249,0.0,2000,0.0
2026-04-03 09:31:43.600,20260403,93143600,000009.SZ,2292158,-1,0,1799906,0.0,3000,0.0
2026-04-03 09:31:44.450,20260403,93144450,000009.SZ,2300350,-1,0,1647184,0.0,1400,0.0
2026-04-03 09:31:46.730,20260403,93146730,000009.SZ,2323746,1,2323745,2283434,8.69,1100,9559.0
2026-04-03 09:31:47.150,20260403,93147150,000009.SZ,2327571,-1,565313,0,0.0,77900,0.0
2026-04-03 09:31:48.200,20260403,93148200,000009.SZ,2336501,1,2336500,2283434,8.69,200,1738.0
2026-04-03 09:31:48.200,20260403,93148200,000009.SZ,2336504,1,2336503,2283434,8.69,400,3476.0
2026-04-03 09:31:48.200,20260403,93148200,000009.SZ,2336506,1,2336505,2283434,8.69,300,2607.0
2026-04-03 09:31:48.200,20260403,93148200,000009.SZ,2336508,1,2336507,2283434,8.69,300,2607.0
2026-04-03 09:31:48.200,20260403,93148200,000009.SZ,2336510,1,2336509,2283929,8.69,200,1738.0
2026-04-03 09:31:48.200,20260403,93148200,000009.SZ,2336513,1,2336512,2283929,8.69,200,1738.0
2026-04-03 09:31:48.200,20260403,93148200,000009.SZ,2336577,2,2336512,2336576,8.69,200,1738.0
2026-04-03 09:31:48.220,20260403,93148220,000009.SZ,2336743,-1,0,2077724,0.0,5500,0.0
2026-04-03 09:31:49.230,20260403,93149230,000009.SZ,2346486,1,2346485,2040735,8.7,500,4350.0
2026-04-03 09:31:49.470,20260403,93149470,000009.SZ,2349171,-1,0,2045042,0.0,100,0.0
2026-04-03 09:31:49.630,20260403,93149630,000009.SZ,2350823,2,2336512,2350822,8.69,100,869.0
2026-04-03 09:31:49.630,20260403,93149630,000009.SZ,2350868,2,2336512,2350867,8.69,500,4345.0
2026-04-03 09:31:49.900,20260403,93149900,000009.SZ,2353138,2,2336512,2353137,8.69,600,5214.0
2026-04-03 09:31:49.900,20260403,93149900,000009.SZ,2353139,2,2336527,2353137,8.69,100,869.0
2026-04-03 09:31:49.900,20260403,93149900,000009.SZ,2353140,2,2336528,2353137,8.69,100,869.0
2026-04-03 09:31:49.900,20260403,93149900,000009.SZ,2353141,2,2336529,2353137,8.69,200,1738.0
2026-04-03 09:31:49.900,20260403,93149900,000009.SZ,2353142,2,2343420,2353137,8.69,10000,86900.0
2026-04-03 09:31:50.410,20260403,93150410,000009.SZ,2357325,1,2357324,2353137,8.69,3100,26939.0
2026-04-03 09:31:51.210,20260403,93151210,000009.SZ,2363484,-1,2244969,0,0.0,3400,0.0
2026-04-03 09:31:51.330,20260403,93151330,000009.SZ,2364759,2,2357324,2364758,8.69,12100,105149.0
2026-04-03 09:31:52.360,20260403,93152360,000009.SZ,2374451,2,2374408,2374450,8.69,200,1738.0
2026-04-03 09:31:52.360,20260403,93152360,000009.SZ,2374459,2,2374408,2374458,8.69,200,1738.0
2026-04-03 09:31:52.380,20260403,93152380,000009.SZ,2374653,2,2374408,2374652,8.69,200,1738.0
2026-04-03 09:31:52.390,20260403,93152390,000009.SZ,2374806,2,2374408,2374805,8.69,100,869.0
2026-04-03 09:31:53.030,20260403,93153030,000009.SZ,2380559,1,2380558,2040735,8.7,1200,10440.0
2026-04-03 09:31:55.440,20260403,93155440,000009.SZ,2402444,2,2374408,2402443,8.69,100,869.0
2026-04-03 09:31:56.850,20260403,93156850,000009.SZ,2413407,2,2374408,2413406,8.69,100,869.0
2026-04-03 09:31:57.700,20260403,93157700,000009.SZ,2421558,2,2374408,2421557,8.69,300,2607.0
2026-04-03 09:31:57.700,20260403,93157700,000009.SZ,2421559,2,2413164,2421557,8.69,1200,10428.0
2026-04-03 09:31:57.760,20260403,93157760,000009.SZ,2422157,-1,0,1639878,0.0,100,0.0
2026-04-03 09:31:57.760,20260403,93157760,000009.SZ,2422176,2,2413164,2422175,8.69,100,869.0
2026-04-03 09:32:00.230,20260403,93200230,000009.SZ,2444691,2,2413164,2444690,8.69,2100,18249.0
2026-04-03 09:32:00.240,20260403,93200240,000009.SZ,2444911,2,2413164,2444910,8.69,700,6083.0
2026-04-03 09:32:00.240,20260403,93200240,000009.SZ,2444913,2,2413164,2444912,8.69,400,3476.0
2026-04-03 09:32:00.240,20260403,93200240,000009.SZ,2444918,2,2413164,2444917,8.69,500,4345.0
2026-04-03 09:32:01.160,20260403,93201160,000009.SZ,2457089,1,2457088,2444930,8.69,500,4345.0
2026-04-03 09:32:01.160,20260403,93201160,000009.SZ,2457090,1,2457088,2445005,8.69,500,4345.0
2026-04-03 09:32:01.160,20260403,93201160,000009.SZ,2457091,1,2457088,2445040,8.69,300,2607.0
2026-04-03 09:32:01.160,20260403,93201160,000009.SZ,2457092,1,2457088,2445042,8.69,100,869.0
2026-04-03 09:32:01.160,20260403,93201160,000009.SZ,2457093,1,2457088,2445045,8.69,1000,8690.0
2026-04-03 09:32:01.250,20260403,93201250,000009.SZ,2458041,-1,0,2444826,0.0,12200,0.0
2026-04-03 09:32:01.250,20260403,93201250,000009.SZ,2458057,-1,0,2444855,0.0,1400,0.0
2026-04-03 09:32:02.880,20260403,93202880,000009.SZ,2473715,-1,2445019,0,0.0,6400,0.0
2026-04-03 09:32:03.200,20260403,93203200,000009.SZ,2477144,1,2477143,2445174,8.69,500,4345.0
2026-04-03 09:32:03.200,20260403,93203200,000009.SZ,2477145,1,2477143,2473660,8.69,600,5214.0
2026-04-03 09:32:03.200,20260403,93203200,000009.SZ,2477146,1,2477143,2040735,8.7,1300,11310.0
2026-04-03 09:32:05.310,20260403,93205310,000009.SZ,2499082,-1,0,2477180,0.0,42900,0.0
2026-04-03 09:32:05.310,20260403,93205310,000009.SZ,2499146,-1,0,2477197,0.0,7700,0.0
2026-04-03 09:32:06.100,20260403,93206100,000009.SZ,2507692,-1,0,840727,0.0,1000,0.0
2026-04-03 09:32:06.430,20260403,93206430,000009.SZ,2510837,1,2510836,2489476,8.69,2700,23463.0
2026-04-03 09:32:06.430,20260403,93206430,000009.SZ,2510838,1,2510836,2490247,8.69,300,2607.0
2026-04-03 09:32:06.430,20260403,93206430,000009.SZ,2510839,1,2510836,2498781,8.69,14100,122529.0
2026-04-03 09:32:06.590,20260403,93206590,000009.SZ,2512323,1,2512322,2498781,8.69,15900,138171.0
2026-04-03 09:32:06.600,20260403,93206600,000009.SZ,2512510,-1,0,2040735,0.0,300,0.0
2026-04-03 09:32:08.340,20260403,93208340,000009.SZ,2530209,-1,0,2448808,0.0,5000,0.0
2026-04-03 09:32:08.540,20260403,93208540,000009.SZ,2531983,1,2531982,2258238,8.7,200,1740.0
2026-04-03 09:32:09.230,20260403,93209230,000009.SZ,2538177,-1,2512322,0,0.0,4300,0.0
2026-04-03 09:32:09.490,20260403,93209490,000009.SZ,2541430,2,810876,2541429,8.68,7100,61628.0
2026-04-03 09:32:09.490,20260403,93209490,000009.SZ,2541431,2,816666,2541429,8.68,1000,8680.0
2026-04-03 09:32:09.490,20260403,93209490,000009.SZ,2541432,2,919141,2541429,8.68,3000,26040.0
2026-04-03 09:32:09.490,20260403,93209490,000009.SZ,2541433,2,1108848,2541429,8.68,100,868.0
2026-04-03 09:32:09.490,20260403,93209490,000009.SZ,2541434,2,1293116,2541429,8.68,1000,8680.0
2026-04-03 09:32:09.490,20260403,93209490,000009.SZ,2541435,2,2042222,2541429,8.68,100,868.0
2026-04-03 09:32:09.490,20260403,93209490,000009.SZ,2541436,2,2108250,2541429,8.68,100,868.0
2026-04-03 09:32:09.490,20260403,93209490,000009.SZ,2541437,2,2176843,2541429,8.68,100,868.0
2026-04-03 09:32:09.490,20260403,93209490,000009.SZ,2541438,2,2208445,2541429,8.68,400,3472.0
2026-04-03 09:32:09.510,20260403,93209510,000009.SZ,2541619,1,2541618,2258238,8.7,800,6960.0
2026-04-03 09:32:09.510,20260403,93209510,000009.SZ,2541620,1,2541618,2364588,8.7,3500,30450.0
2026-04-03 09:32:10.500,20260403,93210500,000009.SZ,2552913,2,2546250,2552912,8.69,400,3476.0
2026-04-03 09:32:11.030,20260403,93211030,000009.SZ,2558589,2,2546250,2558588,8.69,200,1738.0
2026-04-03 09:32:11.620,20260403,93211620,000009.SZ,2564084,1,2564083,2558588,8.69,1000,8690.0
2026-04-03 09:32:11.630,20260403,93211630,000009.SZ,2564108,2,2564083,2564107,8.69,1100,9559.0
2026-04-03 09:32:11.630,20260403,93211630,000009.SZ,2564115,2,2564083,2564114,8.69,1100,9559.0
2026-04-03 09:32:11.640,20260403,93211640,000009.SZ,2564201,2,2564083,2564200,8.69,4300,37367.0
2026-04-03 09:32:12.060,20260403,93212060,000009.SZ,2567310,-1,2477294,0,0.0,6400,0.0
2026-04-03 09:32:12.640,20260403,93212640,000009.SZ,2573824,-1,0,2564141,0.0,42900,0.0
2026-04-03 09:32:12.650,20260403,93212650,000009.SZ,2573904,-1,0,2564163,0.0,5000,0.0
2026-04-03 09:32:14.060,20260403,93214060,000009.SZ,2588572,1,2588571,2567272,8.69,200,1738.0
2026-04-03 09:32:14.170,20260403,93214170,000009.SZ,2589415,-1,0,2416058,0.0,2000,0.0
2026-04-03 09:32:16.510,20260403,93216510,000009.SZ,2612310,1,2612309,2567272,8.69,300,2607.0
2026-04-03 09:32:16.730,20260403,93216730,000009.SZ,2614704,1,2614703,2567272,8.69,1200,10428.0
2026-04-03 09:32:20.230,20260403,93220230,000009.SZ,2650211,-1,0,1691113,0.0,3500,0.0
2026-04-03 09:32:20.840,20260403,93220840,000009.SZ,2656591,2,2208445,2656590,8.68,200,1736.0
2026-04-03 09:32:20.900,20260403,93220900,000009.SZ,2657204,1,2657203,2567272,8.69,1200,10428.0
2026-04-03 09:32:20.950,20260403,93220950,000009.SZ,2657728,2,2208445,2657727,8.68,100,868.0
2026-04-03 09:32:21.040,20260403,93221040,000009.SZ,2658866,1,2658865,2567272,8.69,100,869.0
2026-04-03 09:32:21.040,20260403,93221040,000009.SZ,2658867,1,2658865,2569399,8.69,100,869.0
2026-04-03 09:32:21.040,20260403,93221040,000009.SZ,2658868,1,2658865,2583083,8.69,1600,13904.0
2026-04-03 09:32:21.800,20260403,93221800,000009.SZ,2667874,-1,0,2490967,0.0,1900,0.0
2026-04-03 09:32:22.700,20260403,93222700,000009.SZ,2679888,-1,0,908254,0.0,200,0.0
2026-04-03 09:32:24.730,20260403,93224730,000009.SZ,2700702,1,2700701,2583083,8.69,1000,8690.0
2026-04-03 09:32:24.730,20260403,93224730,000009.SZ,2700703,1,2700701,2602195,8.69,3000,26070.0
2026-04-03 09:32:24.730,20260403,93224730,000009.SZ,2700704,1,2700701,2648515,8.69,1000,8690.0
2026-04-03 09:32:24.730,20260403,93224730,000009.SZ,2700705,1,2700701,2695604,8.69,4000,34760.0
2026-04-03 09:32:24.740,20260403,93224740,000009.SZ,2700802,2,2700701,2700801,8.69,700,6083.0
2026-04-03 09:32:24.750,20260403,93224750,000009.SZ,2700892,2,2700701,2700891,8.69,2700,23463.0
2026-04-03 09:32:25.960,20260403,93225960,000009.SZ,2711774,2,2700701,2711773,8.69,6600,57354.0
2026-04-03 09:32:25.960,20260403,93225960,000009.SZ,2711775,2,2700982,2711773,8.69,1600,13904.0
2026-04-03 09:32:25.960,20260403,93225960,000009.SZ,2711776,2,2703078,2711773,8.69,100,869.0
2026-04-03 09:32:25.990,20260403,93225990,000009.SZ,2712016,2,2711977,2712015,8.69,1600,13904.0
2026-04-03 09:32:25.990,20260403,93225990,000009.SZ,2712018,2,2711977,2712017,8.69,700,6083.0
2026-04-03 09:32:26.100,20260403,93226100,000009.SZ,2713045,-1,0,2712075,0.0,100,0.0
2026-04-03 09:32:26.940,20260403,93226940,000009.SZ,2719939,-1,0,2556246,0.0,1000,0.0
2026-04-03 09:32:27.040,20260403,93227040,000009.SZ,2720933,-1,0,2700923,0.0,16700,0.0
2026-04-03 09:32:27.040,20260403,93227040,000009.SZ,2720988,-1,0,2700944,0.0,1900,0.0
2026-04-03 09:32:27.660,20260403,93227660,000009.SZ,2726499,-1,2711810,0,0.0,6400,0.0
2026-04-03 09:32:28.710,20260403,93228710,000009.SZ,2737089,1,2737088,2712017,8.69,100,869.0
2026-04-03 09:32:28.710,20260403,93228710,000009.SZ,2737090,1,2737088,2712020,8.69,800,6952.0
2026-04-03 09:32:28.810,20260403,93228810,000009.SZ,2737895,1,2737894,2712020,8.69,800,6952.0
2026-04-03 09:32:28.810,20260403,93228810,000009.SZ,2737896,1,2737894,2712023,8.69,800,6952.0
2026-04-03 09:32:28.810,20260403,93228810,000009.SZ,2737897,1,2737894,2712078,8.69,400,3476.0
2026-04-03 09:32:29.980,20260403,93229980,000009.SZ,2749066,-1,0,1770617,0.0,400,0.0
2026-04-03 09:32:30.170,20260403,93230170,000009.SZ,2750904,2,2208445,2750903,8.68,200,1736.0
2026-04-03 09:32:30.170,20260403,93230170,000009.SZ,2750905,2,2545411,2750903,8.68,200,1736.0
2026-04-03 09:32:30.170,20260403,93230170,000009.SZ,2750906,2,2556932,2750903,8.68,500,4340.0
2026-04-03 09:32:30.170,20260403,93230170,000009.SZ,2750907,2,2564410,2750903,8.68,3000,26040.0
2026-04-03 09:32:30.170,20260403,93230170,000009.SZ,2750908,2,2633189,2750903,8.68,100,868.0
2026-04-03 09:32:30.170,20260403,93230170,000009.SZ,2750909,2,2633194,2750903,8.68,1300,11284.0
2026-04-03 09:32:30.170,20260403,93230170,000009.SZ,2750910,2,2633296,2750903,8.68,1400,12152.0
2026-04-03 09:32:30.170,20260403,93230170,000009.SZ,2750911,2,2633412,2750903,8.68,700,6076.0
2026-04-03 09:32:30.180,20260403,93230180,000009.SZ,2750939,-1,2633412,0,0.0,700,0.0
2026-04-03 09:32:30.180,20260403,93230180,000009.SZ,2750941,2,2640158,2750940,8.68,1400,12152.0
2026-04-03 09:32:30.180,20260403,93230180,000009.SZ,2750978,2,2640158,2750977,8.68,600,5208.0
2026-04-03 09:32:30.180,20260403,93230180,000009.SZ,2750979,2,2674323,2750977,8.68,100,868.0
2026-04-03 09:32:30.210,20260403,93230210,000009.SZ,2751390,-1,0,2751307,0.0,100,0.0
2026-04-03 09:32:30.220,20260403,93230220,000009.SZ,2751469,-1,0,2750996,0.0,100,0.0
2026-04-03 09:32:30.220,20260403,93230220,000009.SZ,2751496,-1,0,2750997,0.0,100,0.0
2026-04-03 09:32:30.230,20260403,93230230,000009.SZ,2751520,-1,0,2751011,0.0,300,0.0
2026-04-03 09:32:30.240,20260403,93230240,000009.SZ,2751688,-1,0,2751007,0.0,200,0.0
2026-04-03 09:32:30.250,20260403,93230250,000009.SZ,2751906,-1,0,2751028,0.0,100,0.0
2026-04-03 09:32:30.260,20260403,93230260,000009.SZ,2751959,-1,0,2751009,0.0,100,0.0
2026-04-03 09:32:30.260,20260403,93230260,000009.SZ,2751967,-1,0,2751018,0.0,100,0.0
2026-04-03 09:32:30.270,20260403,93230270,000009.SZ,2752149,-1,0,2751010,0.0,100,0.0
2026-04-03 09:32:30.280,20260403,93230280,000009.SZ,2752335,-1,0,2751000,0.0,100,0.0
2026-04-03 09:32:30.300,20260403,93230300,000009.SZ,2752445,-1,0,2750993,0.0,100,0.0
2026-04-03 09:32:30.810,20260403,93230810,000009.SZ,2757749,2,41917,2757748,8.67,100,867.0
2026-04-03 09:32:30.810,20260403,93230810,000009.SZ,2757751,2,41917,2757750,8.67,100,867.0
2026-04-03 09:32:30.810,20260403,93230810,000009.SZ,2757755,2,41917,2757754,8.67,500,4335.0
2026-04-03 09:32:30.810,20260403,93230810,000009.SZ,2757774,2,41917,2757773,8.67,200,1734.0
2026-04-03 09:32:30.810,20260403,93230810,000009.SZ,2757776,2,41917,2757775,8.67,100,867.0
2026-04-03 09:32:30.810,20260403,93230810,000009.SZ,2757777,2,369831,2757775,8.67,100,867.0
2026-04-03 09:32:30.810,20260403,93230810,000009.SZ,2757781,2,369831,2757780,8.67,500,4335.0
2026-04-03 09:32:30.810,20260403,93230810,000009.SZ,2757783,2,369831,2757782,8.67,1600,13872.0
2026-04-03 09:32:30.820,20260403,93230820,000009.SZ,2758005,2,369831,2758004,8.67,300,2601.0
2026-04-03 09:32:30.820,20260403,93230820,000009.SZ,2758006,2,371235,2758004,8.67,200,1734.0
2026-04-03 09:32:30.820,20260403,93230820,000009.SZ,2758007,2,390530,2758004,8.67,200,1734.0
2026-04-03 09:32:30.820,20260403,93230820,000009.SZ,2758008,2,523701,2758004,8.67,1000,8670.0
2026-04-03 09:32:30.820,20260403,93230820,000009.SZ,2758009,2,2293002,2758004,8.67,2600,22542.0
2026-04-03 09:32:30.830,20260403,93230830,000009.SZ,2758059,2,2293002,2758058,8.67,300,2601.0
2026-04-03 09:32:30.830,20260403,93230830,000009.SZ,2758061,2,2293002,2758060,8.67,9200,79764.0
2026-04-03 09:32:30.840,20260403,93230840,000009.SZ,2758232,-1,0,1962802,0.0,3300,0.0
2026-04-03 09:32:30.860,20260403,93230860,000009.SZ,2758504,-1,0,2758062,0.0,200,0.0
2026-04-03 09:32:30.890,20260403,93230890,000009.SZ,2758849,-1,0,2758225,0.0,400,0.0
2026-04-03 09:32:30.940,20260403,93230940,000009.SZ,2759496,-1,0,2758076,0.0,800,0.0
2026-04-03 09:32:31.200,20260403,93231200,000009.SZ,2762589,-1,0,2750994,0.0,6700,0.0
2026-04-03 09:32:31.200,20260403,93231200,000009.SZ,2762594,-1,0,2751004,0.0,200,0.0
2026-04-03 09:32:31.210,20260403,93231210,000009.SZ,2762673,-1,0,2751012,0.0,200,0.0
2026-04-03 09:32:31.220,20260403,93231220,000009.SZ,2762815,-1,0,2721078,0.0,300,0.0
2026-04-03 09:32:31.220,20260403,93231220,000009.SZ,2762823,-1,0,2751020,0.0,700,0.0
2026-04-03 09:32:31.220,20260403,93231220,000009.SZ,2762845,-1,0,2751006,0.0,100,0.0
2026-04-03 09:32:31.250,20260403,93231250,000009.SZ,2763175,-1,0,2750995,0.0,100,0.0
2026-04-03 09:32:31.250,20260403,93231250,000009.SZ,2763183,-1,0,2751008,0.0,200,0.0
2026-04-03 09:32:31.750,20260403,93231750,000009.SZ,2770538,2,513486,2770537,8.66,1000,8660.0
2026-04-03 09:32:31.750,20260403,93231750,000009.SZ,2770539,2,524453,2770537,8.66,1000,8660.0
2026-04-03 09:32:31.750,20260403,93231750,000009.SZ,2770540,2,599188,2770537,8.66,2000,17320.0
2026-04-03 09:32:31.760,20260403,93231760,000009.SZ,2770667,-1,0,2751427,0.0,4100,0.0
2026-04-03 09:32:31.760,20260403,93231760,000009.SZ,2770669,2,708335,2770668,8.66,400,3464.0
2026-04-03 09:32:31.780,20260403,93231780,000009.SZ,2770917,2,708335,2770916,8.66,200,1732.0
2026-04-03 09:32:31.830,20260403,93231830,000009.SZ,2771653,-1,0,2757955,0.0,5100,0.0
2026-04-03 09:32:31.850,20260403,93231850,000009.SZ,2771913,-1,0,2757870,0.0,43000,0.0
2026-04-03 09:32:31.910,20260403,93231910,000009.SZ,2772521,-1,0,2758060,0.0,4600,0.0
2026-04-03 09:32:32.430,20260403,93232430,000009.SZ,2778273,-1,52377,0,0.0,100,0.0
2026-04-03 09:32:33.750,20260403,93233750,000009.SZ,2792246,-1,0,2021856,0.0,600,0.0
2026-04-03 09:32:34.430,20260403,93234430,000009.SZ,2800781,-1,43848,0,0.0,100,0.0
2026-04-03 09:32:34.440,20260403,93234440,000009.SZ,2800943,2,708335,2800942,8.66,300,2598.0
2026-04-03 09:32:34.440,20260403,93234440,000009.SZ,2800944,2,752988,2800942,8.66,1000,8660.0
2026-04-03 09:32:34.440,20260403,93234440,000009.SZ,2800945,2,813470,2800942,8.66,500,4330.0
2026-04-03 09:32:34.440,20260403,93234440,000009.SZ,2800946,2,851583,2800942,8.66,1000,8660.0
2026-04-03 09:32:34.440,20260403,93234440,000009.SZ,2800947,2,926804,2800942,8.66,1000,8660.0
2026-04-03 09:32:34.440,20260403,93234440,000009.SZ,2800948,2,934467,2800942,8.66,300,2598.0
2026-04-03 09:32:34.450,20260403,93234450,000009.SZ,2801048,-1,0,2750992,0.0,1900,0.0
2026-04-03 09:32:34.450,20260403,93234450,000009.SZ,2801064,2,934467,2801063,8.66,200,1732.0
2026-04-03 09:32:34.460,20260403,93234460,000009.SZ,2801146,-1,0,2750991,0.0,900,0.0
2026-04-03 09:32:35.190,20260403,93235190,000009.SZ,2808470,-1,0,2751121,0.0,2800,0.0
2026-04-03 09:32:35.830,20260403,93235830,000009.SZ,2814395,-1,0,2758124,0.0,9500,0.0
2026-04-03 09:32:35.830,20260403,93235830,000009.SZ,2814424,2,934467,2814423,8.66,500,4330.0
2026-04-03 09:32:35.830,20260403,93235830,000009.SZ,2814425,2,1620004,2814423,8.66,300,2598.0
2026-04-03 09:32:35.830,20260403,93235830,000009.SZ,2814426,2,1837565,2814423,8.66,1100,9526.0
2026-04-03 09:32:35.830,20260403,93235830,000009.SZ,2814427,2,2264495,2814423,8.66,500,4330.0
2026-04-03 09:32:37.410,20260403,93237410,000009.SZ,2831200,-1,0,2556392,0.0,3000,0.0
2026-04-03 09:32:37.590,20260403,93237590,000009.SZ,2833475,1,2833474,2758086,8.67,100,867.0
2026-04-03 09:32:37.590,20260403,93237590,000009.SZ,2833476,1,2833474,2758087,8.67,600,5202.0
2026-04-03 09:32:37.600,20260403,93237600,000009.SZ,2833638,2,291122,2833637,8.65,400,3460.0
2026-04-03 09:32:37.600,20260403,93237600,000009.SZ,2833648,2,291122,2833647,8.65,300,2595.0
2026-04-03 09:32:37.640,20260403,93237640,000009.SZ,2833979,-1,0,2758315,0.0,1400,0.0
2026-04-03 09:32:37.640,20260403,93237640,000009.SZ,2834027,-1,0,2758087,0.0,200,0.0
2026-04-03 09:32:37.640,20260403,93237640,000009.SZ,2834028,-1,0,2758296,0.0,600,0.0
2026-04-03 09:32:37.640,20260403,93237640,000009.SZ,2834029,-1,0,2758294,0.0,1000,0.0
2026-04-03 09:32:37.640,20260403,93237640,000009.SZ,2834038,-1,0,2758090,0.0,2400,0.0
2026-04-03 09:32:37.650,20260403,93237650,000009.SZ,2834068,-1,0,2758268,0.0,1100,0.0
2026-04-03 09:32:37.650,20260403,93237650,000009.SZ,2834069,-1,0,2758267,0.0,2000,0.0
2026-04-03 09:32:37.780,20260403,93237780,000009.SZ,2835087,-1,0,2739565,0.0,2200,0.0
2026-04-03 09:32:37.780,20260403,93237780,000009.SZ,2835091,-1,0,2739568,0.0,3000,0.0
2026-04-03 09:32:37.780,20260403,93237780,000009.SZ,2835096,-1,0,2739569,0.0,1800,0.0
2026-04-03 09:32:37.780,20260403,93237780,000009.SZ,2835097,-1,0,2739570,0.0,1700,0.0
2026-04-03 09:32:38.250,20260403,93238250,000009.SZ,2839516,-1,0,1675753,0.0,1000,0.0
2026-04-03 09:32:38.760,20260403,93238760,000009.SZ,2843533,-1,0,2833556,0.0,43000,0.0
2026-04-03 09:32:38.770,20260403,93238770,000009.SZ,2843586,-1,0,2833587,0.0,6700,0.0
2026-04-03 09:32:38.910,20260403,93238910,000009.SZ,2844630,-1,0,2651578,0.0,1000,0.0
2026-04-03 09:32:39.060,20260403,93239060,000009.SZ,2845670,-1,0,2777733,0.0,2200,0.0
2026-04-03 09:32:39.200,20260403,93239200,000009.SZ,2846793,-1,2833640,0,0.0,6400,0.0
2026-04-03 09:32:43.250,20260403,93243250,000009.SZ,2885734,2,291122,2885733,8.65,100,865.0
2026-04-03 09:32:43.570,20260403,93243570,000009.SZ,2889174,-1,0,1846991,0.0,23600,0.0
2026-04-03 09:32:45.490,20260403,93245490,000009.SZ,2903939,-1,0,2512327,0.0,5000,0.0
2026-04-03 09:32:46.410,20260403,93246410,000009.SZ,2912018,1,2912017,2833984,8.66,900,7794.0
2026-04-03 09:32:46.430,20260403,93246430,000009.SZ,2912197,-1,0,2833984,0.0,500,0.0
2026-04-03 09:32:46.440,20260403,93246440,000009.SZ,2912224,2,291122,2912223,8.65,900,7785.0
2026-04-03 09:32:46.440,20260403,93246440,000009.SZ,2912229,2,291122,2912228,8.65,400,3460.0
2026-04-03 09:32:46.440,20260403,93246440,000009.SZ,2912237,2,291122,2912236,8.65,200,1730.0
2026-04-03 09:32:48.860,20260403,93248860,000009.SZ,2933800,2,291122,2933799,8.65,300,2595.0
2026-04-03 09:32:50.370,20260403,93250370,000009.SZ,2947372,-1,511326,0,0.0,1500,0.0
2026-04-03 09:32:51.730,20260403,93251730,000009.SZ,2957245,-1,0,2005173,0.0,5000,0.0
2026-04-03 09:32:52.970,20260403,93252970,000009.SZ,2967053,-1,0,2851675,0.0,100,0.0
2026-04-03 09:32:53.990,20260403,93253990,000009.SZ,2973805,-1,0,2424852,0.0,5000,0.0
2026-04-03 09:32:54.010,20260403,93254010,000009.SZ,2973914,2,291122,2973913,8.65,900,7785.0
2026-04-03 09:32:54.010,20260403,93254010,000009.SZ,2973915,2,517318,2973913,8.65,1000,8650.0
2026-04-03 09:32:54.880,20260403,93254880,000009.SZ,2981527,-1,973896,0,0.0,2000,0.0
2026-04-03 09:32:57.150,20260403,93257150,000009.SZ,2998114,2,637146,2998113,8.65,300,2595.0
2026-04-03 09:32:57.150,20260403,93257150,000009.SZ,2998116,2,637146,2998115,8.65,200,1730.0
2026-04-03 09:32:57.150,20260403,93257150,000009.SZ,2998118,2,776045,2998117,8.65,100,865.0
2026-04-03 09:32:57.150,20260403,93257150,000009.SZ,2998120,2,776045,2998119,8.65,100,865.0
2026-04-03 09:32:57.180,20260403,93257180,000009.SZ,2998312,-1,0,2581974,0.0,4000,0.0
2026-04-03 09:32:57.550,20260403,93257550,000009.SZ,3002019,-1,0,1699052,0.0,500,0.0
2026-04-03 09:32:58.220,20260403,93258220,000009.SZ,3008393,2,776045,3008392,8.65,800,6920.0
2026-04-03 09:32:58.220,20260403,93258220,000009.SZ,3008394,2,1509784,3008392,8.65,100,865.0
2026-04-03 09:33:00.430,20260403,93300430,000009.SZ,3026592,-1,592852,0,0.0,4900,0.0
2026-04-03 09:33:00.720,20260403,93300720,000009.SZ,3030019,1,3030018,2851360,8.66,600,5196.0
2026-04-03 09:33:00.790,20260403,93300790,000009.SZ,3031087,1,3031086,2851360,8.66,300,2598.0
2026-04-03 09:33:01.410,20260403,93301410,000009.SZ,3037870,-1,0,244068,0.0,1500,0.0
2026-04-03 09:33:01.580,20260403,93301580,000009.SZ,3039598,-1,0,221934,0.0,5000,0.0
2026-04-03 09:33:02.340,20260403,93302340,000009.SZ,3047671,2,1509784,3047670,8.65,100,865.0
2026-04-03 09:33:02.720,20260403,93302720,000009.SZ,3050858,-1,0,261123,0.0,1000,0.0
2026-04-03 09:33:02.930,20260403,93302930,000009.SZ,3053053,-1,2207310,0,0.0,5000,0.0
2026-04-03 09:33:04.410,20260403,93304410,000009.SZ,3071144,-1,0,258352,0.0,20000,0.0
2026-04-03 09:33:04.690,20260403,93304690,000009.SZ,3074085,-1,2568431,0,0.0,100,0.0
2026-04-03 09:33:05.510,20260403,93305510,000009.SZ,3081898,-1,0,2726467,0.0,1900,0.0
2026-04-03 09:33:05.660,20260403,93305660,000009.SZ,3083249,-1,2797084,0,0.0,400,0.0
2026-04-03 09:33:06.490,20260403,93306490,000009.SZ,3092435,-1,0,2093778,0.0,12000,0.0
2026-04-03 09:33:07.650,20260403,93307650,000009.SZ,3104619,-1,0,1768251,0.0,10000,0.0
2026-04-03 09:33:09.730,20260403,93309730,000009.SZ,3123990,1,3123989,2851360,8.66,800,6928.0
2026-04-03 09:33:09.730,20260403,93309730,000009.SZ,3123991,1,3123989,2871730,8.66,1000,8660.0
2026-04-03 09:33:09.730,20260403,93309730,000009.SZ,3123992,1,3123989,2871786,8.66,100,866.0
2026-04-03 09:33:09.730,20260403,93309730,000009.SZ,3123993,1,3123989,2875415,8.66,100,866.0
2026-04-03 09:33:09.730,20260403,93309730,000009.SZ,3123994,1,3123989,2885708,8.66,400,3464.0
2026-04-03 09:33:09.730,20260403,93309730,000009.SZ,3123995,1,3123989,2912106,8.66,4000,34640.0
2026-04-03 09:33:09.740,20260403,93309740,000009.SZ,3124064,1,3124063,2912106,8.66,1500,12990.0
2026-04-03 09:33:09.780,20260403,93309780,000009.SZ,3124553,2,1509784,3124552,8.65,200,1730.0
2026-04-03 09:33:09.780,20260403,93309780,000009.SZ,3124554,2,2564140,3124552,8.65,400,3460.0
2026-04-03 09:33:09.780,20260403,93309780,000009.SZ,3124555,2,2900609,3124552,8.65,1000,8650.0
2026-04-03 09:33:09.780,20260403,93309780,000009.SZ,3124556,2,2925845,3124552,8.65,1000,8650.0
2026-04-03 09:33:09.890,20260403,93309890,000009.SZ,3125616,-1,2568550,0,0.0,100,0.0
2026-04-03 09:33:09.960,20260403,93309960,000009.SZ,3126117,-1,0,1509783,0.0,400,0.0
2026-04-03 09:33:10.240,20260403,93310240,000009.SZ,3128510,1,3128509,2912106,8.66,1200,10392.0
2026-04-03 09:33:12.850,20260403,93312850,000009.SZ,3152024,2,2925845,3152023,8.65,500,4325.0
2026-04-03 09:33:14.870,20260403,93314870,000009.SZ,3169345,2,2925845,3169344,8.65,300,2595.0
2026-04-03 09:33:14.870,20260403,93314870,000009.SZ,3169346,2,2959392,3169344,8.65,1600,13840.0
2026-04-03 09:33:16.250,20260403,93316250,000009.SZ,3181824,2,2959392,3181823,8.65,900,7785.0
2026-04-03 09:33:16.250,20260403,93316250,000009.SZ,3181825,2,2986022,3181823,8.65,100,865.0
2026-04-03 09:33:16.250,20260403,93316250,000009.SZ,3181826,2,3008362,3181823,8.65,1800,15570.0
2026-04-03 09:33:16.270,20260403,93316270,000009.SZ,3182034,2,3008362,3182033,8.65,100,865.0
2026-04-03 09:33:16.280,20260403,93316280,000009.SZ,3182188,2,3008362,3182187,8.65,3200,27680.0
2026-04-03 09:33:16.280,20260403,93316280,000009.SZ,3182189,2,3011605,3182187,8.65,5000,43250.0
2026-04-03 09:33:16.280,20260403,93316280,000009.SZ,3182190,2,3011795,3182187,8.65,1200,10380.0
2026-04-03 09:33:16.280,20260403,93316280,000009.SZ,3182191,2,3030361,3182187,8.65,10000,86500.0
2026-04-03 09:33:16.290,20260403,93316290,000009.SZ,3182290,2,3030361,3182289,8.65,8200,70930.0
2026-04-03 09:33:16.290,20260403,93316290,000009.SZ,3182291,2,3052832,3182289,8.65,600,5190.0
2026-04-03 09:33:16.290,20260403,93316290,000009.SZ,3182292,2,3059211,3182289,8.65,700,6055.0
2026-04-03 09:33:16.290,20260403,93316290,000009.SZ,3182293,2,3085795,3182289,8.65,8400,72660.0
2026-04-03 09:33:16.290,20260403,93316290,000009.SZ,3182294,2,3085799,3182289,8.65,2300,19895.0
2026-04-03 09:33:16.290,20260403,93316290,000009.SZ,3182295,2,3085800,3182289,8.65,1900,16435.0
2026-04-03 09:33:16.290,20260403,93316290,000009.SZ,3182296,2,3085801,3182289,8.65,1800,15570.0
2026-04-03 09:33:16.290,20260403,93316290,000009.SZ,3182297,2,3085811,3182289,8.65,3800,32870.0
2026-04-03 09:33:16.290,20260403,93316290,000009.SZ,3182298,2,3088897,3182289,8.65,1000,8650.0
2026-04-03 09:33:16.290,20260403,93316290,000009.SZ,3182299,2,3120170,3182289,8.65,2000,17300.0
2026-04-03 09:33:16.290,20260403,93316290,000009.SZ,3182300,2,3142334,3182289,8.65,12500,108125.0
2026-04-03 09:33:16.320,20260403,93316320,000009.SZ,3182552,-1,0,2912118,0.0,6200,0.0
2026-04-03 09:33:16.360,20260403,93316360,000009.SZ,3182927,-1,0,2912106,0.0,36300,0.0
2026-04-03 09:33:17.320,20260403,93317320,000009.SZ,3192352,-1,0,3182550,0.0,10300,0.0
2026-04-03 09:33:17.330,20260403,93317330,000009.SZ,3192407,-1,0,3182303,0.0,1900,0.0
2026-04-03 09:33:17.340,20260403,93317340,000009.SZ,3192485,-1,0,2808537,0.0,300,0.0
2026-04-03 09:33:17.570,20260403,93317570,000009.SZ,3194216,-1,334440,0,0.0,1100,0.0
2026-04-03 09:33:18.310,20260403,93318310,000009.SZ,3200806,-1,0,2986049,0.0,900,0.0
2026-04-03 09:33:18.990,20260403,93318990,000009.SZ,3207419,1,3207418,3182301,8.65,500,4325.0
2026-04-03 09:33:19.240,20260403,93319240,000009.SZ,3210305,1,3210304,3182301,8.65,100,865.0
2026-04-03 09:33:20.210,20260403,93320210,000009.SZ,3219370,2,178638,3219369,8.64,200,1728.0
2026-04-03 09:33:20.210,20260403,93320210,000009.SZ,3219371,2,237239,3219369,8.64,100,864.0
2026-04-03 09:33:20.210,20260403,93320210,000009.SZ,3219372,2,529498,3219369,8.64,600,5184.0
2026-04-03 09:33:20.900,20260403,93320900,000009.SZ,3224445,1,3224444,3182301,8.65,1200,10380.0
2026-04-03 09:33:21.390,20260403,93321390,000009.SZ,3228787,1,3228786,3182301,8.65,700,6055.0
2026-04-03 09:33:22.690,20260403,93322690,000009.SZ,3241408,-1,1860981,0,0.0,100,0.0
2026-04-03 09:33:23.520,20260403,93323520,000009.SZ,3247400,-1,881537,0,0.0,300,0.0
2026-04-03 09:33:25.050,20260403,93325050,000009.SZ,3259467,-1,0,1133308,0.0,4000,0.0
2026-04-03 09:33:25.610,20260403,93325610,000009.SZ,3264494,1,3264493,3182301,8.65,1400,12110.0
2026-04-03 09:33:25.610,20260403,93325610,000009.SZ,3264495,1,3264493,3182311,8.65,600,5190.0
2026-04-03 09:33:25.630,20260403,93325630,000009.SZ,3264712,2,529498,3264711,8.64,200,1728.0
2026-04-03 09:33:25.680,20260403,93325680,000009.SZ,3265132,-1,2299596,0,0.0,1200,0.0
2026-04-03 09:33:27.340,20260403,93327340,000009.SZ,3276405,-1,0,2953602,0.0,5000,0.0
2026-04-03 09:33:28.620,20260403,93328620,000009.SZ,3288053,2,529498,3288052,8.64,400,3456.0
2026-04-03 09:33:29.080,20260403,93329080,000009.SZ,3291560,-1,0,1593829,0.0,100,0.0
2026-04-03 09:33:30.970,20260403,93330970,000009.SZ,3306250,2,529498,3306249,8.64,900,7776.0
2026-04-03 09:33:32.540,20260403,93332540,000009.SZ,3318962,2,529498,3318961,8.64,300,2592.0
2026-04-03 09:33:32.550,20260403,93332550,000009.SZ,3319011,2,529498,3319010,8.64,7600,65664.0
2026-04-03 09:33:32.550,20260403,93332550,000009.SZ,3319012,2,592969,3319010,8.64,1000,8640.0
2026-04-03 09:33:32.550,20260403,93332550,000009.SZ,3319013,2,670835,3319010,8.64,1000,8640.0
2026-04-03 09:33:32.550,20260403,93332550,000009.SZ,3319014,2,2259229,3319010,8.64,1000,8640.0
2026-04-03 09:33:32.550,20260403,93332550,000009.SZ,3319015,2,2275496,3319010,8.64,400,3456.0
2026-04-03 09:33:32.550,20260403,93332550,000009.SZ,3319016,2,2846707,3319010,8.64,600,5184.0
2026-04-03 09:33:34.430,20260403,93334430,000009.SZ,3337553,1,3337552,3182311,8.65,700,6055.0
2026-04-03 09:33:36.270,20260403,93336270,000009.SZ,3352745,-1,2846707,0,0.0,3600,0.0
2026-04-03 09:33:38.250,20260403,93338250,000009.SZ,3370517,2,3182355,3370516,8.64,1700,14688.0
2026-04-03 09:33:38.280,20260403,93338280,000009.SZ,3370712,-1,3182355,0,0.0,400,0.0
2026-04-03 09:33:38.280,20260403,93338280,000009.SZ,3370713,-1,3182371,0,0.0,100,0.0
2026-04-03 09:33:38.280,20260403,93338280,000009.SZ,3370714,-1,3182370,0,0.0,4300,0.0
2026-04-03 09:33:38.280,20260403,93338280,000009.SZ,3370724,-1,3182366,0,0.0,4400,0.0
2026-04-03 09:33:38.280,20260403,93338280,000009.SZ,3370727,-1,3182367,0,0.0,4300,0.0
2026-04-03 09:33:39.150,20260403,93339150,000009.SZ,3377270,2,3287682,3377269,8.64,100,864.0
2026-04-03 09:33:39.350,20260403,93339350,000009.SZ,3379361,2,3327195,3379360,8.64,2300,19872.0
2026-04-03 09:33:39.350,20260403,93339350,000009.SZ,3379363,-1,0,2835170,0.0,3200,0.0
2026-04-03 09:33:39.350,20260403,93339350,000009.SZ,3379476,2,3327195,3379475,8.64,1000,8640.0
2026-04-03 09:33:39.350,20260403,93339350,000009.SZ,3379477,2,3334720,3379475,8.64,1000,8640.0
2026-04-03 09:33:39.370,20260403,93339370,000009.SZ,3379551,-1,0,3370729,0.0,1200,0.0
2026-04-03 09:33:39.370,20260403,93339370,000009.SZ,3379552,-1,0,3370728,0.0,400,0.0
2026-04-03 09:33:40.000,20260403,93340000,000009.SZ,3385378,1,3385377,3379547,8.64,300,2592.0
2026-04-03 09:33:40.400,20260403,93340400,000009.SZ,3388767,-1,0,3379448,0.0,6200,0.0
2026-04-03 09:33:40.410,20260403,93340410,000009.SZ,3388801,-1,0,3219533,0.0,7200,0.0
2026-04-03 09:33:40.850,20260403,93340850,000009.SZ,3392424,1,3392423,3379553,8.64,200,1728.0
2026-04-03 09:33:40.850,20260403,93340850,000009.SZ,3392425,1,3392423,3379554,8.64,1100,9504.0
2026-04-03 09:33:40.850,20260403,93340850,000009.SZ,3392426,1,3392423,3379595,8.64,2100,18144.0
2026-04-03 09:33:40.850,20260403,93340850,000009.SZ,3392427,1,3392423,3379788,8.64,2300,19872.0
2026-04-03 09:33:40.850,20260403,93340850,000009.SZ,3392428,1,3392423,3387690,8.64,2000,17280.0
2026-04-03 09:33:40.850,20260403,93340850,000009.SZ,3392429,1,3392423,3182311,8.65,2300,19895.0
2026-04-03 09:33:41.470,20260403,93341470,000009.SZ,3397451,-1,3379509,0,0.0,6400,0.0
2026-04-03 09:33:42.000,20260403,93342000,000009.SZ,3401527,-1,0,3392454,0.0,27000,0.0
2026-04-03 09:33:42.000,20260403,93342000,000009.SZ,3401559,-1,0,3392468,0.0,14500,0.0
2026-04-03 09:33:42.490,20260403,93342490,000009.SZ,3405730,-1,0,2826261,0.0,600,0.0
2026-04-03 09:33:43.830,20260403,93343830,000009.SZ,3416952,1,3416951,3397420,8.64,500,4320.0
2026-04-03 09:33:43.830,20260403,93343830,000009.SZ,3416953,1,3416951,3397573,8.64,400,3456.0
2026-04-03 09:33:43.830,20260403,93343830,000009.SZ,3416954,1,3416951,3408514,8.64,100,864.0
2026-04-03 09:33:45.020,20260403,93345020,000009.SZ,3425332,-1,0,3344752,0.0,1100,0.0
2026-04-03 09:33:45.150,20260403,93345150,000009.SZ,3426290,1,3426289,3408830,8.64,600,5184.0
2026-04-03 09:33:45.340,20260403,93345340,000009.SZ,3427751,-1,0,2850233,0.0,2100,0.0
2026-04-03 09:33:46.520,20260403,93346520,000009.SZ,3437537,2,520023,3437536,8.63,400,3452.0
2026-04-03 09:33:46.790,20260403,93346790,000009.SZ,3440005,1,3440004,3408830,8.64,100,864.0
2026-04-03 09:33:46.790,20260403,93346790,000009.SZ,3440006,1,3440004,3411191,8.64,400,3456.0
2026-04-03 09:33:46.790,20260403,93346790,000009.SZ,3440007,1,3440004,3417020,8.64,500,4320.0
2026-04-03 09:33:47.160,20260403,93347160,000009.SZ,3442743,-1,1283344,0,0.0,1000,0.0
2026-04-03 09:33:48.250,20260403,93348250,000009.SZ,3450525,-1,0,2386403,0.0,1000,0.0
2026-04-03 09:33:48.270,20260403,93348270,000009.SZ,3450633,-1,0,2835146,0.0,2300,0.0
2026-04-03 09:33:48.270,20260403,93348270,000009.SZ,3450634,-1,0,2835088,0.0,2000,0.0
2026-04-03 09:33:48.270,20260403,93348270,000009.SZ,3450639,-1,0,2835172,0.0,2100,0.0
2026-04-03 09:33:48.280,20260403,93348280,000009.SZ,3450719,-1,0,2835171,0.0,1800,0.0
2026-04-03 09:33:49.270,20260403,93349270,000009.SZ,3459290,-1,32452,0,0.0,3300,0.0
2026-04-03 09:33:50.130,20260403,93350130,000009.SZ,3465687,1,3465686,3417020,8.64,700,6048.0
2026-04-03 09:33:50.830,20260403,93350830,000009.SZ,3470086,-1,3325458,0,0.0,200,0.0
2026-04-03 09:33:51.080,20260403,93351080,000009.SZ,3471765,-1,0,3417020,0.0,800,0.0
2026-04-03 09:33:51.190,20260403,93351190,000009.SZ,3472356,-1,1003048,0,0.0,5000,0.0
2026-04-03 09:33:51.390,20260403,93351390,000009.SZ,3473899,1,3473898,3423650,8.64,2000,17280.0
2026-04-03 09:33:51.390,20260403,93351390,000009.SZ,3473920,1,3473919,3423691,8.64,600,5184.0
2026-04-03 09:33:51.520,20260403,93351520,000009.SZ,3474804,1,3474803,3423691,8.64,300,2592.0
2026-04-03 09:33:53.470,20260403,93353470,000009.SZ,3490644,-1,32451,0,0.0,3000,0.0
2026-04-03 09:33:53.790,20260403,93353790,000009.SZ,3492783,-1,0,3182533,0.0,18200,0.0
2026-04-03 09:33:54.470,20260403,93354470,000009.SZ,3498660,-1,0,3398089,0.0,5000,0.0
2026-04-03 09:33:54.470,20260403,93354470,000009.SZ,3498726,1,3498725,3423691,8.64,300,2592.0
2026-04-03 09:33:54.470,20260403,93354470,000009.SZ,3498727,1,3498725,3492662,8.64,800,6912.0
2026-04-03 09:33:55.300,20260403,93355300,000009.SZ,3505825,1,3505824,3492662,8.64,300,2592.0
2026-04-03 09:33:55.930,20260403,93355930,000009.SZ,3510893,-1,3402644,0,0.0,300,0.0
2026-04-03 09:33:56.220,20260403,93356220,000009.SZ,3512879,2,3505824,3512878,8.64,100,864.0
2026-04-03 09:33:57.030,20260403,93357030,000009.SZ,3517906,-1,0,3047747,0.0,100,0.0
2026-04-03 09:33:57.030,20260403,93357030,000009.SZ,3517907,-1,0,3047668,0.0,100,0.0
2026-04-03 09:33:57.040,20260403,93357040,000009.SZ,3517987,2,3505824,3517986,8.64,100,864.0
2026-04-03 09:33:57.240,20260403,93357240,000009.SZ,3519677,-1,3403463,0,0.0,4300,0.0
2026-04-03 09:33:57.860,20260403,93357860,000009.SZ,3524704,2,3505824,3524703,8.64,500,4320.0
2026-04-03 09:33:58.350,20260403,93358350,000009.SZ,3528471,-1,0,2742149,0.0,1500,0.0
2026-04-03 09:33:59.580,20260403,93359580,000009.SZ,3538695,2,3508900,3538694,8.64,500,4320.0
2026-04-03 09:33:59.580,20260403,93359580,000009.SZ,3538696,2,3511185,3538694,8.64,100,864.0
2026-04-03 09:33:59.580,20260403,93359580,000009.SZ,3538697,2,3512386,3538694,8.64,4400,38016.0
2026-04-03 09:34:00.430,20260403,93400430,000009.SZ,3545454,2,3512386,3545453,8.64,200,1728.0
2026-04-03 09:34:03.150,20260403,93403150,000009.SZ,3575607,2,3512386,3575606,8.64,100,864.0
2026-04-03 09:34:03.150,20260403,93403150,000009.SZ,3575609,2,3512386,3575608,8.64,200,1728.0
2026-04-03 09:34:03.150,20260403,93403150,000009.SZ,3575689,2,3512386,3575688,8.64,100,864.0
2026-04-03 09:34:03.160,20260403,93403160,000009.SZ,3575784,2,3512386,3575783,8.64,100,864.0
2026-04-03 09:34:05.390,20260403,93405390,000009.SZ,3601411,2,3512386,3601410,8.64,1700,14688.0
2026-04-03 09:34:07.840,20260403,93407840,000009.SZ,3624865,2,3512386,3624864,8.64,13200,114048.0
2026-04-03 09:34:07.860,20260403,93407860,000009.SZ,3625002,2,520023,3625001,8.63,600,5178.0
2026-04-03 09:34:07.860,20260403,93407860,000009.SZ,3625003,2,618956,3625001,8.63,2400,20712.0
2026-04-03 09:34:07.870,20260403,93407870,000009.SZ,3625025,-1,0,3538715,0.0,5000,0.0
2026-04-03 09:34:09.400,20260403,93409400,000009.SZ,3636336,1,3636335,3624864,8.64,700,6048.0
2026-04-03 09:34:09.750,20260403,93409750,000009.SZ,3639659,-1,0,3133223,0.0,20000,0.0
2026-04-03 09:34:09.890,20260403,93409890,000009.SZ,3640939,-1,3324508,0,0.0,100,0.0
