timestamp,date,stamp,code,order_no,bs_flag,order_type,order_price,order_volume
2026-03-17 09:15:00.030,20260317,91500030,000009.SZ,894,2,0,10.05,100
2026-03-17 09:15:00.040,20260317,91500040,000009.SZ,1593,2,0,10.32,1000
2026-03-17 09:15:00.040,20260317,91500040,000009.SZ,2242,2,0,9.8,100
2026-03-17 09:15:00.040,20260317,91500040,000009.SZ,2243,2,0,10.2,100
2026-03-17 09:15:00.040,20260317,91500040,000009.SZ,3606,1,0,9.28,14300
2026-03-17 09:15:00.040,20260317,91500040,000009.SZ,4005,2,0,9.58,1300
2026-03-17 09:15:00.040,20260317,91500040,000009.SZ,4668,2,0,9.66,2000
2026-03-17 09:15:00.050,20260317,91500050,000009.SZ,5313,1,0,9.11,3000
2026-03-17 09:15:00.050,20260317,91500050,000009.SZ,6002,1,0,9.39,10000
2026-03-17 09:15:00.050,20260317,91500050,000009.SZ,7300,2,0,9.7,100
2026-03-17 09:15:00.050,20260317,91500050,000009.SZ,7301,2,0,10.15,100
2026-03-17 09:15:00.050,20260317,91500050,000009.SZ,7476,2,0,9.69,2100
2026-03-17 09:15:00.050,20260317,91500050,000009.SZ,7509,2,0,10.15,100
2026-03-17 09:15:00.050,20260317,91500050,000009.SZ,7511,2,0,10.3,100
2026-03-17 09:15:00.050,20260317,91500050,000009.SZ,7616,1,0,9.0,2200
2026-03-17 09:15:00.050,20260317,91500050,000009.SZ,8196,2,0,10.2,500
2026-03-17 09:15:00.050,20260317,91500050,000009.SZ,8713,2,0,9.72,1700
2026-03-17 09:15:00.050,20260317,91500050,000009.SZ,8732,2,0,10.3,3000
2026-03-17 09:15:00.050,20260317,91500050,000009.SZ,8857,2,0,9.63,1000
2026-03-17 09:15:00.050,20260317,91500050,000009.SZ,8935,2,0,9.72,1000
2026-03-17 09:15:00.050,20260317,91500050,000009.SZ,8969,2,0,9.87,1000
2026-03-17 09:15:00.050,20260317,91500050,000009.SZ,9028,2,0,10.3,1000
2026-03-17 09:15:00.050,20260317,91500050,000009.SZ,9085,1,0,9.22,1000
2026-03-17 09:15:00.060,20260317,91500060,000009.SZ,9925,2,0,9.79,2200
2026-03-17 09:15:00.060,20260317,91500060,000009.SZ,11175,2,0,9.68,400
2026-03-17 09:15:00.060,20260317,91500060,000009.SZ,11802,1,0,9.1,500
2026-03-17 09:15:00.060,20260317,91500060,000009.SZ,12360,2,0,10.32,1000
2026-03-17 09:15:00.060,20260317,91500060,000009.SZ,13291,2,0,9.64,600
2026-03-17 09:15:00.070,20260317,91500070,000009.SZ,14873,2,0,10.32,2600
2026-03-17 09:15:00.070,20260317,91500070,000009.SZ,14875,2,0,10.28,2600
2026-03-17 09:15:00.070,20260317,91500070,000009.SZ,14881,2,0,10.23,2600
2026-03-17 09:15:00.070,20260317,91500070,000009.SZ,15213,2,0,9.99,2000
2026-03-17 09:15:00.070,20260317,91500070,000009.SZ,15216,2,0,9.75,2000
2026-03-17 09:15:00.070,20260317,91500070,000009.SZ,15319,1,0,9.12,3000
2026-03-17 09:15:00.070,20260317,91500070,000009.SZ,15481,1,0,9.15,2600
2026-03-17 09:15:00.070,20260317,91500070,000009.SZ,15498,2,0,10.32,100
2026-03-17 09:15:00.070,20260317,91500070,000009.SZ,15499,2,0,10.25,100
2026-03-17 09:15:00.070,20260317,91500070,000009.SZ,15630,2,0,10.19,100
2026-03-17 09:15:00.070,20260317,91500070,000009.SZ,15632,2,0,10.09,100
2026-03-17 09:15:00.070,20260317,91500070,000009.SZ,15635,2,0,9.99,100
2026-03-17 09:15:00.070,20260317,91500070,000009.SZ,15758,2,0,10.32,5000
2026-03-17 09:15:00.070,20260317,91500070,000009.SZ,16293,1,0,9.35,1000
2026-03-17 09:15:00.070,20260317,91500070,000009.SZ,16631,1,0,9.25,1000
2026-03-17 09:15:00.070,20260317,91500070,000009.SZ,16929,2,0,10.31,600
2026-03-17 09:15:00.070,20260317,91500070,000009.SZ,17471,2,0,9.58,3000
2026-03-17 09:15:00.080,20260317,91500080,000009.SZ,18938,1,0,9.1,500
2026-03-17 09:15:00.080,20260317,91500080,000009.SZ,21009,2,0,9.9,4100
2026-03-17 09:15:00.080,20260317,91500080,000009.SZ,21010,2,0,9.3,10000
2026-03-17 09:15:00.080,20260317,91500080,000009.SZ,21156,2,0,10.3,1000
2026-03-17 09:15:00.080,20260317,91500080,000009.SZ,21158,2,0,10.2,1000
2026-03-17 09:15:00.080,20260317,91500080,000009.SZ,21162,2,0,10.1,1000
2026-03-17 09:15:00.080,20260317,91500080,000009.SZ,21163,2,0,10.0,1000
2026-03-17 09:15:00.080,20260317,91500080,000009.SZ,21164,2,0,9.9,1100
2026-03-17 09:15:00.080,20260317,91500080,000009.SZ,21165,2,0,9.8,1100
2026-03-17 09:15:00.080,20260317,91500080,000009.SZ,21272,2,0,9.7,1100
2026-03-17 09:15:00.080,20260317,91500080,000009.SZ,21759,2,0,9.79,500
2026-03-17 09:15:00.090,20260317,91500090,000009.SZ,23317,2,0,10.32,2000
2026-03-17 09:15:00.090,20260317,91500090,000009.SZ,23986,2,0,9.88,10000
2026-03-17 09:15:00.090,20260317,91500090,000009.SZ,24452,1,0,9.26,500
2026-03-17 09:15:00.090,20260317,91500090,000009.SZ,25438,1,0,9.31,600
2026-03-17 09:15:00.090,20260317,91500090,000009.SZ,25835,1,0,9.24,500
2026-03-17 09:15:00.090,20260317,91500090,000009.SZ,26231,2,0,9.8,3300
2026-03-17 09:15:00.100,20260317,91500100,000009.SZ,27409,2,0,9.77,20000
2026-03-17 09:15:00.100,20260317,91500100,000009.SZ,27410,2,0,9.82,10000
2026-03-17 09:15:00.100,20260317,91500100,000009.SZ,27417,1,0,9.08,500
2026-03-17 09:15:00.100,20260317,91500100,000009.SZ,27419,2,0,9.69,8000
2026-03-17 09:15:00.100,20260317,91500100,000009.SZ,27421,2,0,9.79,2000
2026-03-17 09:15:00.100,20260317,91500100,000009.SZ,27422,2,0,9.69,2000
2026-03-17 09:15:00.100,20260317,91500100,000009.SZ,27423,2,0,9.79,2000
2026-03-17 09:15:00.100,20260317,91500100,000009.SZ,27424,2,0,9.99,2000
2026-03-17 09:15:00.100,20260317,91500100,000009.SZ,27425,2,0,10.32,2000
2026-03-17 09:15:00.100,20260317,91500100,000009.SZ,27427,2,0,10.32,2000
2026-03-17 09:15:00.100,20260317,91500100,000009.SZ,27429,2,0,9.69,10000
2026-03-17 09:15:00.100,20260317,91500100,000009.SZ,27430,2,0,9.79,30000
2026-03-17 09:15:00.100,20260317,91500100,000009.SZ,27449,2,0,10.32,2000
2026-03-17 09:15:00.100,20260317,91500100,000009.SZ,27450,2,0,9.68,10000
2026-03-17 09:15:00.100,20260317,91500100,000009.SZ,27451,2,0,9.68,40000
2026-03-17 09:15:00.100,20260317,91500100,000009.SZ,27637,2,0,9.66,5800
2026-03-17 09:15:00.100,20260317,91500100,000009.SZ,29091,1,0,9.21,800
2026-03-17 09:15:00.100,20260317,91500100,000009.SZ,29094,1,0,9.11,900
2026-03-17 09:15:00.100,20260317,91500100,000009.SZ,29095,1,0,9.01,1100
2026-03-17 09:15:00.100,20260317,91500100,000009.SZ,29145,2,0,10.31,5000
2026-03-17 09:15:00.100,20260317,91500100,000009.SZ,29228,1,0,8.44,2000
2026-03-17 09:15:00.100,20260317,91500100,000009.SZ,29607,1,0,9.39,500
2026-03-17 09:15:00.100,20260317,91500100,000009.SZ,30249,2,0,9.62,500
2026-03-17 09:15:00.100,20260317,91500100,000009.SZ,30655,2,0,10.0,500
2026-03-17 09:15:00.100,20260317,91500100,000009.SZ,30726,2,0,9.88,700
2026-03-17 09:15:00.100,20260317,91500100,000009.SZ,30727,2,0,10.22,1000
2026-03-17 09:15:00.110,20260317,91500110,000009.SZ,31721,2,0,10.3,600
2026-03-17 09:15:00.110,20260317,91500110,000009.SZ,31822,1,0,9.0,4000
2026-03-17 09:15:00.110,20260317,91500110,000009.SZ,31915,2,0,10.31,1000
2026-03-17 09:15:00.110,20260317,91500110,000009.SZ,32199,2,0,9.99,1000
2026-03-17 09:15:00.110,20260317,91500110,000009.SZ,33006,2,0,10.01,300
2026-03-17 09:15:00.110,20260317,91500110,000009.SZ,33014,2,0,9.6,400
2026-03-17 09:15:00.110,20260317,91500110,000009.SZ,33015,2,0,9.7,500
2026-03-17 09:15:00.110,20260317,91500110,000009.SZ,33637,2,0,10.32,200
2026-03-17 09:15:00.110,20260317,91500110,000009.SZ,33639,2,0,10.32,200
2026-03-17 09:15:00.110,20260317,91500110,000009.SZ,34605,2,0,10.08,500
2026-03-17 09:15:00.120,20260317,91500120,000009.SZ,37944,2,0,9.69,2000
2026-03-17 09:15:00.120,20260317,91500120,000009.SZ,38045,1,0,9.29,1500
2026-03-17 09:15:00.120,20260317,91500120,000009.SZ,38148,2,0,10.31,900
2026-03-17 09:15:00.120,20260317,91500120,000009.SZ,38246,2,0,10.31,300
2026-03-17 09:15:00.120,20260317,91500120,000009.SZ,39405,2,0,10.0,20000
2026-03-17 09:15:00.130,20260317,91500130,000009.SZ,40151,2,0,10.32,500
2026-03-17 09:15:00.130,20260317,91500130,000009.SZ,41562,2,0,9.66,500
2026-03-17 09:15:00.130,20260317,91500130,000009.SZ,41656,1,0,9.16,500
2026-03-17 09:15:00.130,20260317,91500130,000009.SZ,41705,1,0,8.58,300
2026-03-17 09:15:00.130,20260317,91500130,000009.SZ,42772,1,0,10.2,2000
2026-03-17 09:15:00.130,20260317,91500130,000009.SZ,42935,2,0,9.6,2000
2026-03-17 09:15:00.130,20260317,91500130,000009.SZ,43078,1,0,9.0,3000
2026-03-17 09:15:00.130,20260317,91500130,000009.SZ,43149,2,0,10.32,5000
2026-03-17 09:15:00.130,20260317,91500130,000009.SZ,43556,2,0,9.5,400
2026-03-17 09:15:00.140,20260317,91500140,000009.SZ,44026,1,0,9.31,1500
2026-03-17 09:15:00.140,20260317,91500140,000009.SZ,44917,2,0,10.31,400
2026-03-17 09:15:00.140,20260317,91500140,000009.SZ,45199,2,0,9.45,400
2026-03-17 09:15:00.140,20260317,91500140,000009.SZ,45984,2,0,9.63,200
2026-03-17 09:15:00.140,20260317,91500140,000009.SZ,46137,1,0,8.69,1200
2026-03-17 09:15:00.140,20260317,91500140,000009.SZ,46642,2,0,9.58,1700
2026-03-17 09:15:00.140,20260317,91500140,000009.SZ,46668,2,0,10.31,500
2026-03-17 09:15:00.150,20260317,91500150,000009.SZ,50042,2,0,10.32,100
2026-03-17 09:15:00.160,20260317,91500160,000009.SZ,51996,2,0,10.32,1000
2026-03-17 09:15:00.160,20260317,91500160,000009.SZ,52559,2,0,9.46,100
2026-03-17 09:15:00.160,20260317,91500160,000009.SZ,54782,2,0,10.31,100
2026-03-17 09:15:00.170,20260317,91500170,000009.SZ,55324,2,0,10.3,100
2026-03-17 09:15:00.170,20260317,91500170,000009.SZ,55325,2,0,10.2,100
2026-03-17 09:15:00.170,20260317,91500170,000009.SZ,55327,1,0,8.9,200
2026-03-17 09:15:00.170,20260317,91500170,000009.SZ,55539,2,0,10.3,600
2026-03-17 09:15:00.170,20260317,91500170,000009.SZ,55906,1,0,9.26,5000
2026-03-17 09:15:00.170,20260317,91500170,000009.SZ,55987,2,0,10.25,600
2026-03-17 09:15:00.170,20260317,91500170,000009.SZ,56969,2,0,10.3,1000
2026-03-17 09:15:00.170,20260317,91500170,000009.SZ,57562,2,0,10.31,1100
2026-03-17 09:15:00.170,20260317,91500170,000009.SZ,57762,2,0,9.99,600
2026-03-17 09:15:00.170,20260317,91500170,000009.SZ,58252,1,0,9.15,600
2026-03-17 09:15:00.180,20260317,91500180,000009.SZ,60499,2,0,10.2,200
2026-03-17 09:15:00.180,20260317,91500180,000009.SZ,60904,2,0,10.32,2000
2026-03-17 09:15:00.180,20260317,91500180,000009.SZ,61174,1,0,8.7,400
2026-03-17 09:15:00.180,20260317,91500180,000009.SZ,61647,1,0,9.06,1300
2026-03-17 09:15:00.190,20260317,91500190,000009.SZ,61872,2,0,10.2,600
2026-03-17 09:15:00.190,20260317,91500190,000009.SZ,61873,2,0,10.25,700
2026-03-17 09:15:00.190,20260317,91500190,000009.SZ,61874,2,0,10.3,700
2026-03-17 09:15:00.190,20260317,91500190,000009.SZ,61875,2,0,10.32,700
2026-03-17 09:15:00.190,20260317,91500190,000009.SZ,62158,2,0,9.78,2000
2026-03-17 09:15:00.190,20260317,91500190,000009.SZ,62448,1,0,9.05,10000
2026-03-17 09:15:00.190,20260317,91500190,000009.SZ,62552,2,0,9.8,10000
2026-03-17 09:15:00.190,20260317,91500190,000009.SZ,62836,2,0,9.84,500
2026-03-17 09:15:00.190,20260317,91500190,000009.SZ,63941,2,0,10.32,1000
2026-03-17 09:15:00.190,20260317,91500190,000009.SZ,63967,2,0,9.65,14000
2026-03-17 09:15:00.200,20260317,91500200,000009.SZ,65154,2,0,9.94,1600
2026-03-17 09:15:00.200,20260317,91500200,000009.SZ,65155,2,0,9.68,300
2026-03-17 09:15:00.200,20260317,91500200,000009.SZ,65157,2,0,9.8,500
2026-03-17 09:15:00.200,20260317,91500200,000009.SZ,66996,2,0,10.3,300
2026-03-17 09:15:00.200,20260317,91500200,000009.SZ,67019,1,0,8.8,600
2026-03-17 09:15:00.210,20260317,91500210,000009.SZ,67890,1,0,9.16,6100
2026-03-17 09:15:00.210,20260317,91500210,000009.SZ,67899,2,0,9.76,6000
2026-03-17 09:15:00.210,20260317,91500210,000009.SZ,68326,2,0,10.31,14700
2026-03-17 09:15:00.210,20260317,91500210,000009.SZ,68561,1,0,9.09,3200
2026-03-17 09:15:00.210,20260317,91500210,000009.SZ,68610,2,0,9.6,1100
2026-03-17 09:15:00.210,20260317,91500210,000009.SZ,68611,2,0,9.7,1100
2026-03-17 09:15:00.210,20260317,91500210,000009.SZ,68612,1,0,9.3,600
2026-03-17 09:15:00.210,20260317,91500210,000009.SZ,68768,1,0,9.08,1000
2026-03-17 09:15:00.220,20260317,91500220,000009.SZ,69775,2,0,9.68,2000
2026-03-17 09:15:00.220,20260317,91500220,000009.SZ,70165,2,0,10.31,900
2026-03-17 09:15:00.220,20260317,91500220,000009.SZ,70173,2,0,10.32,3600
2026-03-17 09:15:00.220,20260317,91500220,000009.SZ,70270,2,0,10.3,600
2026-03-17 09:15:00.220,20260317,91500220,000009.SZ,70668,2,0,10.0,100
2026-03-17 09:15:00.220,20260317,91500220,000009.SZ,71238,2,0,10.32,5000
2026-03-17 09:15:00.220,20260317,91500220,000009.SZ,71582,2,0,10.29,500
2026-03-17 09:15:00.240,20260317,91500240,000009.SZ,74629,2,0,10.32,1500
2026-03-17 09:15:00.240,20260317,91500240,000009.SZ,74858,2,0,9.75,1000
2026-03-17 09:15:00.240,20260317,91500240,000009.SZ,74859,2,0,10.32,1000
2026-03-17 09:15:00.240,20260317,91500240,000009.SZ,74960,1,0,8.8,600
2026-03-17 09:15:00.240,20260317,91500240,000009.SZ,75001,2,0,10.32,500
2026-03-17 09:15:00.240,20260317,91500240,000009.SZ,75285,2,0,9.68,2300
2026-03-17 09:15:00.240,20260317,91500240,000009.SZ,75287,2,0,9.75,3000
2026-03-17 09:15:00.240,20260317,91500240,000009.SZ,75288,2,0,9.85,2000
2026-03-17 09:15:00.240,20260317,91500240,000009.SZ,75406,2,0,9.78,1000
2026-03-17 09:15:00.240,20260317,91500240,000009.SZ,75660,2,0,10.3,200
2026-03-17 09:15:00.250,20260317,91500250,000009.SZ,77109,2,0,9.6,100
2026-03-17 09:15:00.250,20260317,91500250,000009.SZ,77391,2,0,10.32,1600
2026-03-17 09:15:00.250,20260317,91500250,000009.SZ,77826,2,0,9.65,2000
2026-03-17 09:15:00.260,20260317,91500260,000009.SZ,78079,2,0,9.61,800
2026-03-17 09:15:00.260,20260317,91500260,000009.SZ,78080,2,0,9.77,800
2026-03-17 09:15:00.260,20260317,91500260,000009.SZ,78082,2,0,9.92,800
2026-03-17 09:15:00.260,20260317,91500260,000009.SZ,78084,1,0,9.31,800
2026-03-17 09:15:00.260,20260317,91500260,000009.SZ,78085,1,0,9.17,800
2026-03-17 09:15:00.260,20260317,91500260,000009.SZ,79804,2,0,9.95,200
2026-03-17 09:15:00.260,20260317,91500260,000009.SZ,79974,1,0,9.39,6800
2026-03-17 09:15:00.260,20260317,91500260,000009.SZ,80037,2,0,9.86,6600
2026-03-17 09:15:00.270,20260317,91500270,000009.SZ,81348,2,0,9.99,1200
2026-03-17 09:15:00.270,20260317,91500270,000009.SZ,82055,2,0,9.38,100
2026-03-17 09:15:00.280,20260317,91500280,000009.SZ,82142,2,0,9.63,1400
2026-03-17 09:15:00.280,20260317,91500280,000009.SZ,82894,2,0,9.66,200
2026-03-17 09:15:00.280,20260317,91500280,000009.SZ,83846,2,0,10.32,100
2026-03-17 09:15:00.290,20260317,91500290,000009.SZ,84511,2,0,9.79,161700
2026-03-17 09:15:00.290,20260317,91500290,000009.SZ,84638,1,0,9.16,500
2026-03-17 09:15:00.290,20260317,91500290,000009.SZ,84935,1,0,8.8,500
2026-03-17 09:15:00.290,20260317,91500290,000009.SZ,85503,2,0,10.05,2000
2026-03-17 09:15:00.300,20260317,91500300,000009.SZ,86190,2,0,9.65,300
2026-03-17 09:15:00.300,20260317,91500300,000009.SZ,86294,1,0,9.2,100
2026-03-17 09:15:00.300,20260317,91500300,000009.SZ,86295,2,0,9.6,100
2026-03-17 09:15:00.300,20260317,91500300,000009.SZ,86296,1,0,9.03,100
2026-03-17 09:15:00.300,20260317,91500300,000009.SZ,86297,1,0,8.77,100
2026-03-17 09:15:00.300,20260317,91500300,000009.SZ,86645,2,0,9.48,18800
2026-03-17 09:15:00.300,20260317,91500300,000009.SZ,86701,2,0,9.58,2000
2026-03-17 09:15:00.300,20260317,91500300,000009.SZ,86874,1,0,9.3,100
2026-03-17 09:15:00.300,20260317,91500300,000009.SZ,86875,1,0,9.25,100
2026-03-17 09:15:00.300,20260317,91500300,000009.SZ,86876,1,0,9.15,100
2026-03-17 09:15:00.300,20260317,91500300,000009.SZ,86877,1,0,9.1,100
2026-03-17 09:15:00.300,20260317,91500300,000009.SZ,87464,1,0,8.5,400
2026-03-17 09:15:00.300,20260317,91500300,000009.SZ,87522,1,0,9.17,3000
2026-03-17 09:15:00.310,20260317,91500310,000009.SZ,87668,1,0,8.81,1000
2026-03-17 09:15:00.310,20260317,91500310,000009.SZ,87695,2,0,9.99,1000
2026-03-17 09:15:00.310,20260317,91500310,000009.SZ,87696,2,0,10.25,2000
2026-03-17 09:15:00.310,20260317,91500310,000009.SZ,88134,1,0,9.37,2000
2026-03-17 09:15:00.310,20260317,91500310,000009.SZ,89332,1,0,9.2,300
2026-03-17 09:15:00.310,20260317,91500310,000009.SZ,89381,2,0,9.66,1100
2026-03-17 09:15:00.320,20260317,91500320,000009.SZ,89998,2,0,10.32,3000
2026-03-17 09:15:00.320,20260317,91500320,000009.SZ,90938,2,0,9.5,8500
2026-03-17 09:15:00.330,20260317,91500330,000009.SZ,91712,2,0,9.52,1300
2026-03-17 09:15:00.330,20260317,91500330,000009.SZ,92005,2,0,9.5,18800
2026-03-17 09:15:00.330,20260317,91500330,000009.SZ,92028,1,0,9.2,38100
2026-03-17 09:15:00.330,20260317,91500330,000009.SZ,92060,2,0,9.6,100
2026-03-17 09:15:00.330,20260317,91500330,000009.SZ,92475,2,0,10.28,20900
2026-03-17 09:15:00.340,20260317,91500340,000009.SZ,92903,1,0,9.38,1500
2026-03-17 09:15:00.340,20260317,91500340,000009.SZ,93901,1,0,8.59,2000
2026-03-17 09:15:00.350,20260317,91500350,000009.SZ,94424,2,0,9.99,2000
2026-03-17 09:15:00.350,20260317,91500350,000009.SZ,94503,2,0,9.38,2200
2026-03-17 09:15:00.350,20260317,91500350,000009.SZ,95004,2,0,10.2,200
2026-03-17 09:15:00.360,20260317,91500360,000009.SZ,95520,1,0,9.2,400
2026-03-17 09:15:00.360,20260317,91500360,000009.SZ,95521,2,0,10.2,400
2026-03-17 09:15:00.360,20260317,91500360,000009.SZ,95614,2,0,9.88,1000
2026-03-17 09:15:00.360,20260317,91500360,000009.SZ,95685,2,0,10.18,1000
2026-03-17 09:15:00.360,20260317,91500360,000009.SZ,95800,2,0,10.3,500
2026-03-17 09:15:00.360,20260317,91500360,000009.SZ,96436,2,0,9.35,100
2026-03-17 09:15:00.360,20260317,91500360,000009.SZ,96540,2,0,9.38,1100
2026-03-17 09:15:00.360,20260317,91500360,000009.SZ,96635,2,0,10.3,1600
2026-03-17 09:15:00.370,20260317,91500370,000009.SZ,97158,1,0,8.5,400
2026-03-17 09:15:00.370,20260317,91500370,000009.SZ,97673,2,0,9.99,1500
2026-03-17 09:15:00.370,20260317,91500370,000009.SZ,97674,2,0,10.3,1500
2026-03-17 09:15:00.370,20260317,91500370,000009.SZ,97676,1,0,9.0,2000
2026-03-17 09:15:00.380,20260317,91500380,000009.SZ,98150,1,0,9.2,100
2026-03-17 09:15:00.390,20260317,91500390,000009.SZ,99575,2,0,9.65,1000
2026-03-17 09:15:00.400,20260317,91500400,000009.SZ,100443,1,0,8.98,10000
2026-03-17 09:15:00.400,20260317,91500400,000009.SZ,100602,1,0,9.24,1900
2026-03-17 09:15:00.400,20260317,91500400,000009.SZ,100759,2,0,9.72,1500
2026-03-17 09:15:00.400,20260317,91500400,000009.SZ,100847,2,0,10.28,500
2026-03-17 09:15:00.400,20260317,91500400,000009.SZ,101099,2,0,10.31,500
2026-03-17 09:15:00.410,20260317,91500410,000009.SZ,101327,1,0,9.25,100
2026-03-17 09:15:00.410,20260317,91500410,000009.SZ,101328,1,0,9.2,100
2026-03-17 09:15:00.410,20260317,91500410,000009.SZ,101647,2,0,9.5,1000
2026-03-17 09:15:00.410,20260317,91500410,000009.SZ,101745,1,0,9.13,4000
2026-03-17 09:15:00.410,20260317,91500410,000009.SZ,102120,2,0,9.57,700
2026-03-17 09:15:00.410,20260317,91500410,000009.SZ,102225,2,0,10.3,300
2026-03-17 09:15:00.410,20260317,91500410,000009.SZ,102265,2,0,9.98,500
2026-03-17 09:15:00.410,20260317,91500410,000009.SZ,102266,2,0,9.69,500
2026-03-17 09:15:00.410,20260317,91500410,000009.SZ,102581,2,0,9.81,500
2026-03-17 09:15:00.420,20260317,91500420,000009.SZ,102753,2,0,10.3,2300
2026-03-17 09:15:00.420,20260317,91500420,000009.SZ,102812,2,0,10.32,100
2026-03-17 09:15:00.420,20260317,91500420,000009.SZ,103089,1,0,9.1,1700
2026-03-17 09:15:00.420,20260317,91500420,000009.SZ,103106,2,0,9.58,1600
2026-03-17 09:15:00.420,20260317,91500420,000009.SZ,103108,2,0,9.78,1700
2026-03-17 09:15:00.420,20260317,91500420,000009.SZ,103339,2,0,9.98,2100
2026-03-17 09:15:00.430,20260317,91500430,000009.SZ,104101,1,0,9.15,1000
2026-03-17 09:15:00.430,20260317,91500430,000009.SZ,104707,2,0,9.38,1000
2026-03-17 09:15:00.430,20260317,91500430,000009.SZ,104708,2,0,9.5,1000
2026-03-17 09:15:00.430,20260317,91500430,000009.SZ,104711,2,0,9.6,1000
2026-03-17 09:15:00.440,20260317,91500440,000009.SZ,104970,1,0,9.32,600
2026-03-17 09:15:00.440,20260317,91500440,000009.SZ,104971,1,0,9.22,800
2026-03-17 09:15:00.440,20260317,91500440,000009.SZ,104972,1,0,9.12,900
2026-03-17 09:15:00.440,20260317,91500440,000009.SZ,104973,1,0,9.02,1500
2026-03-17 09:15:00.440,20260317,91500440,000009.SZ,105522,2,0,10.29,200
2026-03-17 09:15:00.440,20260317,91500440,000009.SZ,105526,2,0,10.32,500
2026-03-17 09:15:00.450,20260317,91500450,000009.SZ,106228,2,0,10.32,200
2026-03-17 09:15:00.450,20260317,91500450,000009.SZ,106277,1,0,9.01,300
2026-03-17 09:15:00.470,20260317,91500470,000009.SZ,108395,2,0,9.68,3000
2026-03-17 09:15:00.470,20260317,91500470,000009.SZ,108576,2,0,10.31,1000
2026-03-17 09:15:00.470,20260317,91500470,000009.SZ,108648,2,0,9.78,2000
2026-03-17 09:15:00.470,20260317,91500470,000009.SZ,108727,1,0,9.16,400
2026-03-17 09:15:00.480,20260317,91500480,000009.SZ,109074,2,0,9.88,300
2026-03-17 09:15:00.480,20260317,91500480,000009.SZ,109119,2,0,10.32,156900
2026-03-17 09:15:00.490,20260317,91500490,000009.SZ,110188,1,0,9.16,21700
2026-03-17 09:15:00.500,20260317,91500500,000009.SZ,111439,2,0,10.3,1200
2026-03-17 09:15:00.510,20260317,91500510,000009.SZ,113114,2,0,9.91,100
2026-03-17 09:15:00.510,20260317,91500510,000009.SZ,113115,2,0,10.0,100
2026-03-17 09:15:00.510,20260317,91500510,000009.SZ,113116,2,0,10.1,100
2026-03-17 09:15:00.510,20260317,91500510,000009.SZ,113134,2,0,10.2,100
2026-03-17 09:15:00.510,20260317,91500510,000009.SZ,113135,2,0,10.3,100
2026-03-17 09:15:00.510,20260317,91500510,000009.SZ,113183,2,0,9.86,1000
2026-03-17 09:15:00.510,20260317,91500510,000009.SZ,113594,1,0,9.16,1000
2026-03-17 09:15:00.510,20260317,91500510,000009.SZ,113600,1,0,9.19,1000
2026-03-17 09:15:00.520,20260317,91500520,000009.SZ,115373,2,0,10.31,100
2026-03-17 09:15:00.530,20260317,91500530,000009.SZ,115692,1,0,9.33,600
2026-03-17 09:15:00.530,20260317,91500530,000009.SZ,115694,1,0,9.23,700
2026-03-17 09:15:00.530,20260317,91500530,000009.SZ,115695,1,0,9.13,1100
2026-03-17 09:15:00.530,20260317,91500530,000009.SZ,115697,1,0,9.03,1500
2026-03-17 09:15:00.530,20260317,91500530,000009.SZ,115943,1,0,9.35,100
2026-03-17 09:15:00.530,20260317,91500530,000009.SZ,115950,2,0,10.3,300
2026-03-17 09:15:00.530,20260317,91500530,000009.SZ,115952,2,0,10.15,300
2026-03-17 09:15:00.530,20260317,91500530,000009.SZ,115960,2,0,10.0,300
2026-03-17 09:15:00.530,20260317,91500530,000009.SZ,115963,2,0,9.85,300
2026-03-17 09:15:00.540,20260317,91500540,000009.SZ,117076,1,0,9.32,1000
2026-03-17 09:15:00.540,20260317,91500540,000009.SZ,117169,2,0,9.96,200
2026-03-17 09:15:00.540,20260317,91500540,000009.SZ,117170,2,0,10.26,200
2026-03-17 09:15:00.540,20260317,91500540,000009.SZ,117321,1,0,9.15,2000
2026-03-17 09:15:00.540,20260317,91500540,000009.SZ,117346,2,0,10.32,2100
2026-03-17 09:15:00.540,20260317,91500540,000009.SZ,117576,1,0,8.92,800
2026-03-17 09:15:00.540,20260317,91500540,000009.SZ,117599,1,0,8.7,800
2026-03-17 09:15:00.540,20260317,91500540,000009.SZ,117609,1,0,8.5,1000
2026-03-17 09:15:00.540,20260317,91500540,000009.SZ,117619,2,0,9.74,1600
2026-03-17 09:15:00.550,20260317,91500550,000009.SZ,118937,2,0,9.38,800
2026-03-17 09:15:00.550,20260317,91500550,000009.SZ,119148,1,0,8.8,300
2026-03-17 09:15:00.560,20260317,91500560,000009.SZ,119438,2,0,9.83,2000
2026-03-17 09:15:00.570,20260317,91500570,000009.SZ,120744,2,0,9.56,500
2026-03-17 09:15:00.590,20260317,91500590,000009.SZ,122077,2,0,10.3,500
2026-03-17 09:15:00.590,20260317,91500590,000009.SZ,122126,2,0,9.6,31000
2026-03-17 09:15:00.590,20260317,91500590,000009.SZ,122436,1,0,8.8,600
2026-03-17 09:15:00.590,20260317,91500590,000009.SZ,122900,1,0,8.48,100
2026-03-17 09:15:00.590,20260317,91500590,000009.SZ,122928,2,0,10.2,500
2026-03-17 09:15:00.590,20260317,91500590,000009.SZ,122929,2,0,10.1,400
2026-03-17 09:15:00.600,20260317,91500600,000009.SZ,123518,2,0,9.68,1000
2026-03-17 09:15:00.600,20260317,91500600,000009.SZ,123519,2,0,9.88,1500
2026-03-17 09:15:00.600,20260317,91500600,000009.SZ,123530,2,0,9.68,1000
2026-03-17 09:15:00.600,20260317,91500600,000009.SZ,123531,2,0,9.88,1500
2026-03-17 09:15:00.610,20260317,91500610,000009.SZ,124422,2,0,9.6,5000
2026-03-17 09:15:00.630,20260317,91500630,000009.SZ,125570,1,0,9.15,1000
2026-03-17 09:15:00.630,20260317,91500630,000009.SZ,125681,2,0,9.99,200000
2026-03-17 09:15:00.630,20260317,91500630,000009.SZ,125748,2,0,10.22,3000
2026-03-17 09:15:00.640,20260317,91500640,000009.SZ,126075,2,0,9.66,10000
2026-03-17 09:15:00.640,20260317,91500640,000009.SZ,126076,1,0,9.29,5000
2026-03-17 09:15:00.640,20260317,91500640,000009.SZ,126077,1,0,9.25,10000
2026-03-17 09:15:00.640,20260317,91500640,000009.SZ,126444,2,0,10.3,500
2026-03-17 09:15:00.650,20260317,91500650,000009.SZ,126800,1,0,9.25,800
2026-03-17 09:15:00.650,20260317,91500650,000009.SZ,127222,1,0,9.3,100
2026-03-17 09:15:00.660,20260317,91500660,000009.SZ,127548,1,0,8.5,400
2026-03-17 09:15:00.660,20260317,91500660,000009.SZ,127549,2,0,10.0,200
2026-03-17 09:15:00.670,20260317,91500670,000009.SZ,128787,1,0,8.95,100
2026-03-17 09:15:00.670,20260317,91500670,000009.SZ,128811,2,0,9.69,1000
2026-03-17 09:15:00.680,20260317,91500680,000009.SZ,129856,2,0,10.31,200
2026-03-17 09:15:00.690,20260317,91500690,000009.SZ,130566,2,0,9.65,1000
2026-03-17 09:15:00.690,20260317,91500690,000009.SZ,130742,2,0,9.9,200
2026-03-17 09:15:00.690,20260317,91500690,000009.SZ,130743,2,0,10.15,200
2026-03-17 09:15:00.690,20260317,91500690,000009.SZ,131005,2,0,9.77,200
2026-03-17 09:15:00.690,20260317,91500690,000009.SZ,131012,1,0,9.02,100
2026-03-17 09:15:00.690,20260317,91500690,000009.SZ,131260,2,0,10.3,400
2026-03-17 09:15:00.710,20260317,91500710,000009.SZ,133461,2,0,9.38,5200
2026-03-17 09:15:00.740,20260317,91500740,000009.SZ,135370,1,0,9.09,400
2026-03-17 09:15:00.740,20260317,91500740,000009.SZ,135711,2,0,10.32,100
2026-03-17 09:15:00.740,20260317,91500740,000009.SZ,135726,2,0,10.18,500
2026-03-17 09:15:00.740,20260317,91500740,000009.SZ,135936,2,0,9.95,1000
2026-03-17 09:15:00.750,20260317,91500750,000009.SZ,136273,2,0,10.32,800
2026-03-17 09:15:00.750,20260317,91500750,000009.SZ,136465,2,0,9.99,500
2026-03-17 09:15:00.760,20260317,91500760,000009.SZ,136862,1,0,8.8,700
2026-03-17 09:15:00.760,20260317,91500760,000009.SZ,136911,2,0,10.32,2000
2026-03-17 09:15:00.760,20260317,91500760,000009.SZ,136912,2,0,9.97,1000
2026-03-17 09:15:00.760,20260317,91500760,000009.SZ,136995,1,0,9.29,50000
2026-03-17 09:15:00.760,20260317,91500760,000009.SZ,137095,2,0,9.9,4900
2026-03-17 09:15:00.760,20260317,91500760,000009.SZ,137213,1,0,8.9,1000
2026-03-17 09:15:00.760,20260317,91500760,000009.SZ,137475,2,0,10.05,100
2026-03-17 09:15:00.770,20260317,91500770,000009.SZ,138380,2,0,10.32,2000
2026-03-17 09:15:00.770,20260317,91500770,000009.SZ,138381,2,0,9.98,1000
2026-03-17 09:15:00.780,20260317,91500780,000009.SZ,139165,2,0,9.5,1000
2026-03-17 09:15:00.780,20260317,91500780,000009.SZ,139166,2,0,9.6,1000
2026-03-17 09:15:00.780,20260317,91500780,000009.SZ,139167,2,0,9.7,1000
2026-03-17 09:15:00.790,20260317,91500790,000009.SZ,139382,2,0,9.79,1000
2026-03-17 09:15:00.790,20260317,91500790,000009.SZ,139428,1,0,8.8,300
2026-03-17 09:15:00.790,20260317,91500790,000009.SZ,139801,2,0,10.31,400
2026-03-17 09:15:00.790,20260317,91500790,000009.SZ,139974,2,0,10.31,1800
2026-03-17 09:15:00.800,20260317,91500800,000009.SZ,140338,2,0,10.31,400
2026-03-17 09:15:00.810,20260317,91500810,000009.SZ,141328,2,0,10.12,1000
2026-03-17 09:15:00.810,20260317,91500810,000009.SZ,141504,2,0,10.31,900
2026-03-17 09:15:00.810,20260317,91500810,000009.SZ,141668,2,0,10.31,1000
2026-03-17 09:15:00.810,20260317,91500810,000009.SZ,141678,1,0,9.1,1500
2026-03-17 09:15:00.820,20260317,91500820,000009.SZ,142347,2,0,9.65,500
2026-03-17 09:15:00.820,20260317,91500820,000009.SZ,142360,1,0,10.32,1500
2026-03-17 09:15:00.820,20260317,91500820,000009.SZ,142800,2,0,10.3,300
2026-03-17 09:15:00.820,20260317,91500820,000009.SZ,142909,2,0,9.79,1000
2026-03-17 09:15:00.830,20260317,91500830,000009.SZ,143565,2,0,9.77,7000
2026-03-17 09:15:00.840,20260317,91500840,000009.SZ,144107,2,0,9.38,100
2026-03-17 09:15:00.840,20260317,91500840,000009.SZ,144403,2,0,9.98,700
2026-03-17 09:15:00.840,20260317,91500840,000009.SZ,144482,2,0,9.6,3300
2026-03-17 09:15:00.860,20260317,91500860,000009.SZ,145981,2,0,9.83,80000
2026-03-17 09:15:00.860,20260317,91500860,000009.SZ,146292,1,0,9.02,800
2026-03-17 09:15:00.860,20260317,91500860,000009.SZ,146301,2,0,9.68,2000
2026-03-17 09:15:00.860,20260317,91500860,000009.SZ,146532,1,0,9.11,7000
2026-03-17 09:15:00.860,20260317,91500860,000009.SZ,146535,2,0,9.96,7000
2026-03-17 09:15:00.870,20260317,91500870,000009.SZ,147051,2,0,10.32,2000
2026-03-17 09:15:00.890,20260317,91500890,000009.SZ,148268,2,0,9.58,2300
2026-03-17 09:15:00.890,20260317,91500890,000009.SZ,148540,2,0,9.99,500
2026-03-17 09:15:00.890,20260317,91500890,000009.SZ,148571,2,0,10.32,500
2026-03-17 09:15:00.890,20260317,91500890,000009.SZ,148750,2,0,9.98,300
2026-03-17 09:15:00.900,20260317,91500900,000009.SZ,149465,1,0,9.0,100
2026-03-17 09:15:00.900,20260317,91500900,000009.SZ,149598,2,0,9.58,2000
2026-03-17 09:15:00.900,20260317,91500900,000009.SZ,149599,2,0,9.68,2000
2026-03-17 09:15:00.900,20260317,91500900,000009.SZ,149600,2,0,9.78,2000
2026-03-17 09:15:00.910,20260317,91500910,000009.SZ,149846,1,0,9.12,300
2026-03-17 09:15:00.910,20260317,91500910,000009.SZ,150023,2,0,9.57,200
2026-03-17 09:15:00.910,20260317,91500910,000009.SZ,150024,2,0,9.76,200
2026-03-17 09:15:00.910,20260317,91500910,000009.SZ,150025,2,0,9.95,200
2026-03-17 09:15:00.910,20260317,91500910,000009.SZ,150033,2,0,10.13,200
2026-03-17 09:15:00.910,20260317,91500910,000009.SZ,150034,2,0,10.32,200
2026-03-17 09:15:00.910,20260317,91500910,000009.SZ,150462,2,0,9.58,800
2026-03-17 09:15:00.910,20260317,91500910,000009.SZ,150655,1,0,9.18,2000
2026-03-17 09:15:00.930,20260317,91500930,000009.SZ,151998,2,0,10.3,1200
2026-03-17 09:15:00.940,20260317,91500940,000009.SZ,152888,1,0,8.6,100
2026-03-17 09:15:00.950,20260317,91500950,000009.SZ,153299,2,0,9.85,2600
2026-03-17 09:15:00.950,20260317,91500950,000009.SZ,153367,2,0,9.68,1000
2026-03-17 09:15:00.960,20260317,91500960,000009.SZ,154072,2,0,10.03,3000
2026-03-17 09:15:00.960,20260317,91500960,000009.SZ,154135,1,0,8.45,100
2026-03-17 09:15:00.970,20260317,91500970,000009.SZ,154645,1,0,9.46,100
2026-03-17 09:15:00.970,20260317,91500970,000009.SZ,154803,1,0,9.29,5000
2026-03-17 09:15:00.970,20260317,91500970,000009.SZ,154936,2,0,10.32,1500
2026-03-17 09:15:00.980,20260317,91500980,000009.SZ,155717,2,0,10.3,500
2026-03-17 09:15:00.990,20260317,91500990,000009.SZ,156326,2,0,9.77,1000
2026-03-17 09:15:00.990,20260317,91500990,000009.SZ,156374,2,0,10.14,100
2026-03-17 09:15:01.010,20260317,91501010,000009.SZ,157679,2,0,10.3,2000
2026-03-17 09:15:01.010,20260317,91501010,000009.SZ,157683,1,0,9.2,2000
2026-03-17 09:15:01.010,20260317,91501010,000009.SZ,157730,2,0,9.77,2000
2026-03-17 09:15:01.020,20260317,91501020,000009.SZ,158400,2,0,9.38,1100
2026-03-17 09:15:01.020,20260317,91501020,000009.SZ,158540,1,0,9.33,100
2026-03-17 09:15:01.020,20260317,91501020,000009.SZ,158623,2,0,9.7,600
2026-03-17 09:15:01.030,20260317,91501030,000009.SZ,159583,2,0,10.0,300
2026-03-17 09:15:01.030,20260317,91501030,000009.SZ,159910,2,0,10.29,300
2026-03-17 09:15:01.040,20260317,91501040,000009.SZ,160437,2,0,9.6,5400
2026-03-17 09:15:01.050,20260317,91501050,000009.SZ,160847,2,0,9.66,1500
2026-03-17 09:15:01.050,20260317,91501050,000009.SZ,160979,2,0,9.73,600
2026-03-17 09:15:01.050,20260317,91501050,000009.SZ,161040,2,0,9.74,200
2026-03-17 09:15:01.050,20260317,91501050,000009.SZ,161451,2,0,10.32,272600
2026-03-17 09:15:01.060,20260317,91501060,000009.SZ,162655,1,0,9.39,100
2026-03-17 09:15:01.070,20260317,91501070,000009.SZ,162680,1,0,8.46,200
2026-03-17 09:15:01.070,20260317,91501070,000009.SZ,162927,2,0,9.69,2900
2026-03-17 09:15:01.110,20260317,91501110,000009.SZ,165713,2,0,10.31,400
2026-03-17 09:15:01.110,20260317,91501110,000009.SZ,165936,1,0,9.18,500
2026-03-17 09:15:01.120,20260317,91501120,000009.SZ,166404,2,0,9.8,5100
2026-03-17 09:15:01.120,20260317,91501120,000009.SZ,166601,2,0,10.0,6000
2026-03-17 09:15:01.130,20260317,91501130,000009.SZ,167006,2,0,9.88,300
2026-03-17 09:15:01.140,20260317,91501140,000009.SZ,167337,2,0,10.32,1800
2026-03-17 09:15:01.140,20260317,91501140,000009.SZ,167525,2,0,9.8,1000
2026-03-17 09:15:01.150,20260317,91501150,000009.SZ,167923,2,0,10.31,700
2026-03-17 09:15:01.150,20260317,91501150,000009.SZ,168001,2,0,10.11,100
2026-03-17 09:15:01.150,20260317,91501150,000009.SZ,168191,2,0,9.88,2000
2026-03-17 09:15:01.150,20260317,91501150,000009.SZ,168226,1,0,8.8,1800
2026-03-17 09:15:01.160,20260317,91501160,000009.SZ,168466,2,0,10.31,2100
2026-03-17 09:15:01.160,20260317,91501160,000009.SZ,168995,2,0,9.63,3000
2026-03-17 09:15:01.170,20260317,91501170,000009.SZ,169396,2,0,10.0,6300
2026-03-17 09:15:01.180,20260317,91501180,000009.SZ,169745,2,0,9.75,1500
2026-03-17 09:15:01.190,20260317,91501190,000009.SZ,170135,2,0,9.65,300
2026-03-17 09:15:01.200,20260317,91501200,000009.SZ,170562,2,0,9.68,1000
2026-03-17 09:15:01.230,20260317,91501230,000009.SZ,172105,2,0,9.6,2500
2026-03-17 09:15:01.240,20260317,91501240,000009.SZ,172753,2,0,9.59,300
2026-03-17 09:15:01.240,20260317,91501240,000009.SZ,172770,2,0,9.68,400
2026-03-17 09:15:01.240,20260317,91501240,000009.SZ,172790,2,0,9.78,600
2026-03-17 09:15:01.250,20260317,91501250,000009.SZ,173269,2,0,9.94,500
2026-03-17 09:15:01.260,20260317,91501260,000009.SZ,173472,2,0,9.69,12000
2026-03-17 09:15:01.280,20260317,91501280,000009.SZ,174636,2,0,10.31,100
2026-03-17 09:15:01.290,20260317,91501290,000009.SZ,174822,1,0,9.23,100
2026-03-17 09:15:01.290,20260317,91501290,000009.SZ,174823,1,0,9.08,100
2026-03-17 09:15:01.290,20260317,91501290,000009.SZ,174824,2,0,10.32,1500
2026-03-17 09:15:01.290,20260317,91501290,000009.SZ,174842,1,0,8.94,100
2026-03-17 09:15:01.290,20260317,91501290,000009.SZ,174845,2,0,9.72,200
2026-03-17 09:15:01.290,20260317,91501290,000009.SZ,174861,2,0,9.86,300
2026-03-17 09:15:01.290,20260317,91501290,000009.SZ,174863,2,0,9.99,200
2026-03-17 09:15:01.300,20260317,91501300,000009.SZ,175238,2,0,9.75,1000
2026-03-17 09:15:01.300,20260317,91501300,000009.SZ,175252,1,0,9.25,1000
2026-03-17 09:15:01.300,20260317,91501300,000009.SZ,175364,1,0,9.1,500
2026-03-17 09:15:01.310,20260317,91501310,000009.SZ,175886,2,0,10.32,700
2026-03-17 09:15:01.330,20260317,91501330,000009.SZ,177080,1,0,9.3,1000
2026-03-17 09:15:01.330,20260317,91501330,000009.SZ,177101,2,0,9.66,100
2026-03-17 09:15:01.330,20260317,91501330,000009.SZ,177355,1,0,9.05,200
2026-03-17 09:15:01.330,20260317,91501330,000009.SZ,177486,2,0,10.32,10000
2026-03-17 09:15:01.340,20260317,91501340,000009.SZ,177692,2,0,10.0,900
2026-03-17 09:15:01.360,20260317,91501360,000009.SZ,178979,2,0,10.32,600
2026-03-17 09:15:01.360,20260317,91501360,000009.SZ,178981,2,0,10.07,600
2026-03-17 09:15:01.360,20260317,91501360,000009.SZ,178982,2,0,9.82,600
2026-03-17 09:15:01.360,20260317,91501360,000009.SZ,178983,2,0,9.6,600
2026-03-17 09:15:01.360,20260317,91501360,000009.SZ,178986,1,0,9.02,600
2026-03-17 09:15:01.360,20260317,91501360,000009.SZ,178987,1,0,8.82,600
2026-03-17 09:15:01.380,20260317,91501380,000009.SZ,179969,1,0,9.09,1100
2026-03-17 09:15:01.380,20260317,91501380,000009.SZ,180017,1,0,9.16,500
2026-03-17 09:15:01.400,20260317,91501400,000009.SZ,181095,2,0,9.6,2000
2026-03-17 09:15:01.450,20260317,91501450,000009.SZ,183366,1,0,9.25,1000
2026-03-17 09:15:01.460,20260317,91501460,000009.SZ,183659,2,0,10.05,100
2026-03-17 09:15:01.470,20260317,91501470,000009.SZ,184011,2,0,10.28,1100
2026-03-17 09:15:01.470,20260317,91501470,000009.SZ,184054,2,0,10.31,200
2026-03-17 09:15:01.490,20260317,91501490,000009.SZ,184783,2,0,9.8,2300
2026-03-17 09:15:01.490,20260317,91501490,000009.SZ,184784,2,0,9.88,4000
2026-03-17 09:15:01.490,20260317,91501490,000009.SZ,184978,2,0,10.11,2000
2026-03-17 09:15:01.490,20260317,91501490,000009.SZ,184979,2,0,10.21,2000
2026-03-17 09:15:01.490,20260317,91501490,000009.SZ,185041,2,0,9.98,5000
2026-03-17 09:15:01.500,20260317,91501500,000009.SZ,185303,1,0,8.86,100
2026-03-17 09:15:01.500,20260317,91501500,000009.SZ,185305,1,0,8.81,100
2026-03-17 09:15:01.520,20260317,91501520,000009.SZ,185988,2,0,9.98,2900
2026-03-17 09:15:01.520,20260317,91501520,000009.SZ,186117,2,0,9.9,1500
2026-03-17 09:15:01.520,20260317,91501520,000009.SZ,186150,2,0,10.18,1500
2026-03-17 09:15:01.530,20260317,91501530,000009.SZ,186393,2,0,9.43,34900
2026-03-17 09:15:01.530,20260317,91501530,000009.SZ,186398,2,0,9.49,12000
2026-03-17 09:15:01.530,20260317,91501530,000009.SZ,186597,2,0,10.32,400
2026-03-17 09:15:01.530,20260317,91501530,000009.SZ,186773,2,0,9.38,100
2026-03-17 09:15:01.570,20260317,91501570,000009.SZ,188275,2,0,10.32,100
2026-03-17 09:15:01.570,20260317,91501570,000009.SZ,188368,2,0,9.7,3000
2026-03-17 09:15:01.580,20260317,91501580,000009.SZ,188832,2,0,10.13,100
2026-03-17 09:15:01.580,20260317,91501580,000009.SZ,188921,2,0,10.31,900
2026-03-17 09:15:01.580,20260317,91501580,000009.SZ,188938,2,0,10.31,400
2026-03-17 09:15:01.590,20260317,91501590,000009.SZ,189209,2,0,10.3,2700
2026-03-17 09:15:01.610,20260317,91501610,000009.SZ,189898,2,0,9.8,2000
2026-03-17 09:15:01.620,20260317,91501620,000009.SZ,190038,2,0,10.32,4000
2026-03-17 09:15:01.640,20260317,91501640,000009.SZ,190529,2,0,9.49,300
2026-03-17 09:15:01.660,20260317,91501660,000009.SZ,191247,1,0,9.2,500
2026-03-17 09:15:01.680,20260317,91501680,000009.SZ,191905,1,0,9.18,5000
2026-03-17 09:15:01.700,20260317,91501700,000009.SZ,192931,2,0,10.1,300
2026-03-17 09:15:01.720,20260317,91501720,000009.SZ,193632,1,0,9.25,3000
2026-03-17 09:15:01.720,20260317,91501720,000009.SZ,193633,1,0,9.2,3000
2026-03-17 09:15:01.750,20260317,91501750,000009.SZ,194915,2,0,10.32,600
2026-03-17 09:15:01.750,20260317,91501750,000009.SZ,194953,2,0,9.88,5000
2026-03-17 09:15:01.770,20260317,91501770,000009.SZ,195642,1,0,9.1,200
2026-03-17 09:15:01.790,20260317,91501790,000009.SZ,196690,2,0,10.31,600
2026-03-17 09:15:01.790,20260317,91501790,000009.SZ,196699,2,0,9.76,1100
2026-03-17 09:15:01.790,20260317,91501790,000009.SZ,196798,1,0,8.69,1200
2026-03-17 09:15:01.790,20260317,91501790,000009.SZ,196849,2,0,10.31,700
2026-03-17 09:15:01.790,20260317,91501790,000009.SZ,196864,2,0,10.31,100
2026-03-17 09:15:01.790,20260317,91501790,000009.SZ,196960,2,0,10.31,400
2026-03-17 09:15:01.800,20260317,91501800,000009.SZ,197289,1,0,9.39,100
2026-03-17 09:15:01.800,20260317,91501800,000009.SZ,197291,2,0,9.69,1700
2026-03-17 09:15:01.800,20260317,91501800,000009.SZ,197292,2,0,9.82,1600
2026-03-17 09:15:01.800,20260317,91501800,000009.SZ,197293,2,0,9.94,1600
2026-03-17 09:15:01.800,20260317,91501800,000009.SZ,197294,2,0,10.05,1600
2026-03-17 09:15:01.800,20260317,91501800,000009.SZ,197295,2,0,10.15,1600
2026-03-17 09:15:01.800,20260317,91501800,000009.SZ,197296,2,0,10.24,1600
2026-03-17 09:15:01.800,20260317,91501800,000009.SZ,197297,2,0,10.32,1600
2026-03-17 09:15:01.800,20260317,91501800,000009.SZ,197298,1,0,9.08,3300
2026-03-17 09:15:01.800,20260317,91501800,000009.SZ,197477,2,0,9.66,900
2026-03-17 09:15:01.810,20260317,91501810,000009.SZ,198005,2,0,9.72,10000
2026-03-17 09:15:01.810,20260317,91501810,000009.SZ,198106,2,0,10.31,400
2026-03-17 09:15:01.820,20260317,91501820,000009.SZ,198311,2,0,10.31,100
2026-03-17 09:15:01.830,20260317,91501830,000009.SZ,198913,2,0,10.32,35000
2026-03-17 09:15:01.830,20260317,91501830,000009.SZ,198914,2,0,10.29,600
2026-03-17 09:15:01.830,20260317,91501830,000009.SZ,198951,2,0,9.75,5000
2026-03-17 09:15:01.840,20260317,91501840,000009.SZ,200068,2,0,9.76,100
2026-03-17 09:15:01.840,20260317,91501840,000009.SZ,200069,2,0,9.9,100
2026-03-17 09:15:01.850,20260317,91501850,000009.SZ,200460,2,0,9.78,1600
2026-03-17 09:15:01.860,20260317,91501860,000009.SZ,200854,2,0,9.6,4300
2026-03-17 09:15:01.890,20260317,91501890,000009.SZ,202516,2,0,9.98,500
2026-03-17 09:15:01.910,20260317,91501910,000009.SZ,203296,2,0,9.98,500
2026-03-17 09:15:01.910,20260317,91501910,000009.SZ,203310,2,0,9.9,1100
2026-03-17 09:15:01.910,20260317,91501910,000009.SZ,203729,2,0,9.94,300
2026-03-17 09:15:01.920,20260317,91501920,000009.SZ,203949,1,0,9.25,1000
2026-03-17 09:15:01.920,20260317,91501920,000009.SZ,204086,1,0,8.61,4000
2026-03-17 09:15:01.940,20260317,91501940,000009.SZ,205165,2,0,9.77,2000
2026-03-17 09:15:01.950,20260317,91501950,000009.SZ,205587,2,0,9.99,1900
2026-03-17 09:15:01.990,20260317,91501990,000009.SZ,207584,2,0,9.53,2100
2026-03-17 09:15:01.990,20260317,91501990,000009.SZ,207587,2,0,9.52,1400
2026-03-17 09:15:02.000,20260317,91502000,000009.SZ,208114,2,0,10.31,1000
2026-03-17 09:15:02.000,20260317,91502000,000009.SZ,208148,2,0,9.69,900
2026-03-17 09:15:02.000,20260317,91502000,000009.SZ,208161,2,0,9.99,1000
2026-03-17 09:15:02.020,20260317,91502020,000009.SZ,209147,2,0,9.63,1000
2026-03-17 09:15:02.020,20260317,91502020,000009.SZ,209150,1,0,9.3,1000
2026-03-17 09:15:02.020,20260317,91502020,000009.SZ,209152,1,0,9.2,1000
2026-03-17 09:15:02.020,20260317,91502020,000009.SZ,209378,1,0,9.06,2100
2026-03-17 09:15:02.040,20260317,91502040,000009.SZ,210345,2,0,9.38,900
2026-03-17 09:15:02.050,20260317,91502050,000009.SZ,210557,1,0,9.22,5000
2026-03-17 09:15:02.050,20260317,91502050,000009.SZ,210560,2,0,9.58,5000
2026-03-17 09:15:02.050,20260317,91502050,000009.SZ,210561,2,0,9.68,5000
2026-03-17 09:15:02.050,20260317,91502050,000009.SZ,210563,2,0,9.78,5000
2026-03-17 09:15:02.070,20260317,91502070,000009.SZ,212715,1,0,8.88,300
2026-03-17 09:15:02.080,20260317,91502080,000009.SZ,213232,2,0,9.61,5000
2026-03-17 09:15:02.080,20260317,91502080,000009.SZ,213623,2,0,9.7,1200
2026-03-17 09:15:02.080,20260317,91502080,000009.SZ,213656,2,0,9.48,10000
2026-03-17 09:15:02.100,20260317,91502100,000009.SZ,214690,2,0,10.29,1800
2026-03-17 09:15:02.110,20260317,91502110,000009.SZ,215048,2,0,9.68,2000
2026-03-17 09:15:02.110,20260317,91502110,000009.SZ,215269,2,0,9.97,1200
2026-03-17 09:15:02.110,20260317,91502110,000009.SZ,215404,2,0,10.29,200
2026-03-17 09:15:02.120,20260317,91502120,000009.SZ,215596,1,0,9.16,500
2026-03-17 09:15:02.130,20260317,91502130,000009.SZ,215953,2,0,9.99,4400
2026-03-17 09:15:02.130,20260317,91502130,000009.SZ,215954,2,0,10.09,4500
2026-03-17 09:15:02.160,20260317,91502160,000009.SZ,216956,2,0,9.7,200
2026-03-17 09:15:02.160,20260317,91502160,000009.SZ,216957,2,0,9.8,200
2026-03-17 09:15:02.160,20260317,91502160,000009.SZ,216958,2,0,10.2,200
2026-03-17 09:15:02.170,20260317,91502170,000009.SZ,217244,2,0,9.38,200
2026-03-17 09:15:02.170,20260317,91502170,000009.SZ,217690,2,0,10.0,200
2026-03-17 09:15:02.170,20260317,91502170,000009.SZ,217700,2,0,10.3,200
2026-03-17 09:15:02.170,20260317,91502170,000009.SZ,217804,2,0,10.16,900
2026-03-17 09:15:02.180,20260317,91502180,000009.SZ,217999,2,0,8.9,1000
2026-03-17 09:15:02.190,20260317,91502190,000009.SZ,218508,2,0,10.0,100
2026-03-17 09:15:02.190,20260317,91502190,000009.SZ,218673,2,0,10.32,100
2026-03-17 09:15:02.200,20260317,91502200,000009.SZ,219249,2,0,10.32,3000
2026-03-17 09:15:02.220,20260317,91502220,000009.SZ,219786,2,0,9.58,300
2026-03-17 09:15:02.230,20260317,91502230,000009.SZ,220368,1,0,8.9,300
2026-03-17 09:15:02.240,20260317,91502240,000009.SZ,220510,2,0,9.98,3000
2026-03-17 09:15:02.270,20260317,91502270,000009.SZ,221345,1,0,8.45,3000
2026-03-17 09:15:02.270,20260317,91502270,000009.SZ,221584,1,0,9.23,500
2026-03-17 09:15:02.270,20260317,91502270,000009.SZ,221591,2,0,9.7,300
2026-03-17 09:15:02.300,20260317,91502300,000009.SZ,222319,2,0,10.32,2000
2026-03-17 09:15:02.300,20260317,91502300,000009.SZ,222390,2,0,10.31,5700
2026-03-17 09:15:02.330,20260317,91502330,000009.SZ,223482,1,0,9.3,500
2026-03-17 09:15:02.330,20260317,91502330,000009.SZ,223770,2,0,10.31,2900
2026-03-17 09:15:02.340,20260317,91502340,000009.SZ,224098,2,0,10.27,5000
2026-03-17 09:15:02.350,20260317,91502350,000009.SZ,224486,2,0,9.66,100
2026-03-17 09:15:02.360,20260317,91502360,000009.SZ,224726,2,0,10.32,2000
2026-03-17 09:15:02.370,20260317,91502370,000009.SZ,225418,2,0,9.8,1000
2026-03-17 09:15:02.370,20260317,91502370,000009.SZ,225422,1,0,9.04,3000
2026-03-17 09:15:02.410,20260317,91502410,000009.SZ,226422,2,0,10.32,135000
2026-03-17 09:15:02.420,20260317,91502420,000009.SZ,226993,2,0,10.1,200
2026-03-17 09:15:02.460,20260317,91502460,000009.SZ,228126,2,0,10.31,1200
2026-03-17 09:15:02.460,20260317,91502460,000009.SZ,228129,2,0,10.31,1400
2026-03-17 09:15:02.480,20260317,91502480,000009.SZ,228794,2,0,10.05,1000
2026-03-17 09:15:02.490,20260317,91502490,000009.SZ,229110,1,0,9.31,1500
2026-03-17 09:15:02.530,20260317,91502530,000009.SZ,230138,2,0,10.32,8000
2026-03-17 09:15:02.550,20260317,91502550,000009.SZ,230874,2,0,9.85,1100
2026-03-17 09:15:02.550,20260317,91502550,000009.SZ,230963,2,0,10.32,10000
2026-03-17 09:15:02.640,20260317,91502640,000009.SZ,232760,2,0,9.96,1300
2026-03-17 09:15:02.650,20260317,91502650,000009.SZ,232878,1,0,9.25,1500
2026-03-17 09:15:02.660,20260317,91502660,000009.SZ,233128,2,0,10.3,17100
2026-03-17 09:15:02.660,20260317,91502660,000009.SZ,233192,2,0,9.76,400
2026-03-17 09:15:02.660,20260317,91502660,000009.SZ,233334,2,0,10.31,300
2026-03-17 09:15:02.690,20260317,91502690,000009.SZ,234125,2,0,9.9,200
2026-03-17 09:15:02.710,20260317,91502710,000009.SZ,234502,1,0,9.28,200
2026-03-17 09:15:02.710,20260317,91502710,000009.SZ,234508,1,0,9.3,100
2026-03-17 09:15:02.730,20260317,91502730,000009.SZ,234797,1,0,8.97,300
2026-03-17 09:15:02.730,20260317,91502730,000009.SZ,234801,2,0,9.89,300
2026-03-17 09:15:02.730,20260317,91502730,000009.SZ,234953,2,0,9.81,100
2026-03-17 09:15:02.740,20260317,91502740,000009.SZ,235194,2,0,10.32,800
2026-03-17 09:15:02.800,20260317,91502800,000009.SZ,236459,2,0,10.31,100
2026-03-17 09:15:02.800,20260317,91502800,000009.SZ,236471,2,0,10.31,200
2026-03-17 09:15:02.800,20260317,91502800,000009.SZ,236480,2,0,10.31,300
2026-03-17 09:15:02.800,20260317,91502800,000009.SZ,236481,2,0,10.31,200
2026-03-17 09:15:02.800,20260317,91502800,000009.SZ,236604,2,0,10.31,300
2026-03-17 09:15:02.800,20260317,91502800,000009.SZ,236633,2,0,9.71,1600
2026-03-17 09:15:02.820,20260317,91502820,000009.SZ,237095,2,0,10.31,500
2026-03-17 09:15:02.820,20260317,91502820,000009.SZ,237107,2,0,10.31,400
2026-03-17 09:15:02.820,20260317,91502820,000009.SZ,237108,2,0,10.31,900
2026-03-17 09:15:02.820,20260317,91502820,000009.SZ,237494,1,0,9.28,200
2026-03-17 09:15:02.820,20260317,91502820,000009.SZ,237495,2,0,9.54,200
2026-03-17 09:15:02.830,20260317,91502830,000009.SZ,237532,2,0,9.48,1000
2026-03-17 09:15:02.830,20260317,91502830,000009.SZ,237545,2,0,9.7,1000
2026-03-17 09:15:02.830,20260317,91502830,000009.SZ,237560,2,0,9.83,1000
2026-03-17 09:15:02.830,20260317,91502830,000009.SZ,237567,2,0,10.02,1000
2026-03-17 09:15:02.830,20260317,91502830,000009.SZ,237593,2,0,10.18,1000
2026-03-17 09:15:02.830,20260317,91502830,000009.SZ,237631,2,0,10.22,1000
2026-03-17 09:15:02.830,20260317,91502830,000009.SZ,237671,2,0,9.58,300
2026-03-17 09:15:02.830,20260317,91502830,000009.SZ,237773,2,0,10.16,500
2026-03-17 09:15:02.830,20260317,91502830,000009.SZ,237832,1,0,9.1,3000
2026-03-17 09:15:02.830,20260317,91502830,000009.SZ,237887,1,0,8.96,1000
2026-03-17 09:15:02.840,20260317,91502840,000009.SZ,237969,2,0,10.32,1000
2026-03-17 09:15:02.840,20260317,91502840,000009.SZ,238242,1,0,9.0,300
2026-03-17 09:15:02.880,20260317,91502880,000009.SZ,239348,1,0,9.95,4400
2026-03-17 09:15:02.880,20260317,91502880,000009.SZ,239526,2,0,9.99,106
2026-03-17 09:15:02.890,20260317,91502890,000009.SZ,239686,2,0,10.3,1000
2026-03-17 09:15:02.910,20260317,91502910,000009.SZ,240365,1,0,9.15,500
2026-03-17 09:15:02.910,20260317,91502910,000009.SZ,240373,2,0,10.15,500
2026-03-17 09:15:02.910,20260317,91502910,000009.SZ,240605,1,0,9.3,500
2026-03-17 09:15:02.910,20260317,91502910,000009.SZ,240615,1,0,9.25,500
2026-03-17 09:15:02.920,20260317,91502920,000009.SZ,240649,1,0,9.2,500
2026-03-17 09:15:02.920,20260317,91502920,000009.SZ,240693,2,0,9.55,600
2026-03-17 09:15:02.920,20260317,91502920,000009.SZ,240738,2,0,9.6,600
2026-03-17 09:15:02.920,20260317,91502920,000009.SZ,240769,2,0,9.65,600
2026-03-17 09:15:02.940,20260317,91502940,000009.SZ,241366,2,0,9.86,3000
2026-03-17 09:15:02.960,20260317,91502960,000009.SZ,242197,1,0,9.19,200
2026-03-17 09:15:02.980,20260317,91502980,000009.SZ,242961,2,0,10.32,100
2026-03-17 09:15:02.990,20260317,91502990,000009.SZ,243283,2,0,9.66,500
2026-03-17 09:15:02.990,20260317,91502990,000009.SZ,243288,2,0,9.98,600
2026-03-17 09:15:02.990,20260317,91502990,000009.SZ,243315,2,0,10.3,1000
2026-03-17 09:15:02.990,20260317,91502990,000009.SZ,243316,1,0,9.11,400
2026-03-17 09:15:03.000,20260317,91503000,000009.SZ,243546,1,0,9.66,3400
2026-03-17 09:15:03.040,20260317,91503040,000009.SZ,244562,1,0,8.83,200
2026-03-17 09:15:03.040,20260317,91503040,000009.SZ,244634,1,0,8.52,100
2026-03-17 09:15:03.060,20260317,91503060,000009.SZ,245392,1,0,9.3,1000
2026-03-17 09:15:03.070,20260317,91503070,000009.SZ,246073,2,0,10.05,400
2026-03-17 09:15:03.080,20260317,91503080,000009.SZ,246413,1,0,9.32,100
2026-03-17 09:15:03.100,20260317,91503100,000009.SZ,247286,2,0,9.88,100
2026-03-17 09:15:03.160,20260317,91503160,000009.SZ,248777,1,0,9.38,100
2026-03-17 09:15:03.310,20260317,91503310,000009.SZ,250641,2,0,10.3,500
2026-03-17 09:15:03.340,20260317,91503340,000009.SZ,251394,2,0,9.67,2000
2026-03-17 09:15:03.340,20260317,91503340,000009.SZ,251396,2,0,9.83,5000
2026-03-17 09:15:03.340,20260317,91503340,000009.SZ,251456,2,0,9.89,1400
2026-03-17 09:15:03.340,20260317,91503340,000009.SZ,251462,1,0,9.21,1500
2026-03-17 09:15:03.360,20260317,91503360,000009.SZ,251695,2,0,9.67,200
2026-03-17 09:15:03.420,20260317,91503420,000009.SZ,252509,2,0,9.68,300
2026-03-17 09:15:03.470,20260317,91503470,000009.SZ,253122,1,0,9.3,2000
2026-03-17 09:15:03.480,20260317,91503480,000009.SZ,253167,1,0,9.16,400
2026-03-17 09:15:03.570,20260317,91503570,000009.SZ,254431,1,0,8.46,100
2026-03-17 09:15:03.630,20260317,91503630,000009.SZ,254892,2,0,10.31,100
2026-03-17 09:15:03.670,20260317,91503670,000009.SZ,255494,2,0,9.67,500
2026-03-17 09:15:03.680,20260317,91503680,000009.SZ,255548,2,0,9.98,1300
2026-03-17 09:15:03.690,20260317,91503690,000009.SZ,255727,1,0,9.38,100
2026-03-17 09:15:03.700,20260317,91503700,000009.SZ,255845,1,0,9.25,1300
2026-03-17 09:15:03.700,20260317,91503700,000009.SZ,256011,2,0,9.68,3200
2026-03-17 09:15:03.760,20260317,91503760,000009.SZ,256627,1,0,9.28,2000
2026-03-17 09:15:03.810,20260317,91503810,000009.SZ,257164,1,0,9.18,100
2026-03-17 09:15:03.810,20260317,91503810,000009.SZ,257165,2,0,10.21,100
2026-03-17 09:15:03.810,20260317,91503810,000009.SZ,257248,1,0,9.3,500
2026-03-17 09:15:03.840,20260317,91503840,000009.SZ,257586,2,0,10.32,1000
2026-03-17 09:15:03.870,20260317,91503870,000009.SZ,258400,2,0,10.32,1100
2026-03-17 09:15:03.870,20260317,91503870,000009.SZ,258414,1,0,9.1,3300
2026-03-17 09:15:03.870,20260317,91503870,000009.SZ,258512,2,0,9.58,600
2026-03-17 09:15:03.870,20260317,91503870,000009.SZ,258518,2,0,9.38,900
2026-03-17 09:15:03.900,20260317,91503900,000009.SZ,259121,1,0,9.0,3500
2026-03-17 09:15:03.900,20260317,91503900,000009.SZ,259140,1,0,9.11,200
2026-03-17 09:15:03.940,20260317,91503940,000009.SZ,260136,1,0,8.81,100
2026-03-17 09:15:03.940,20260317,91503940,000009.SZ,260137,2,0,10.32,200
2026-03-17 09:15:03.950,20260317,91503950,000009.SZ,260360,2,0,9.96,1000
2026-03-17 09:15:03.980,20260317,91503980,000009.SZ,261232,2,0,10.18,500
2026-03-17 09:15:03.990,20260317,91503990,000009.SZ,261445,2,0,9.86,100
2026-03-17 09:15:04.060,20260317,91504060,000009.SZ,263398,2,0,10.32,600
2026-03-17 09:15:04.070,20260317,91504070,000009.SZ,263548,2,0,10.32,500
2026-03-17 09:15:04.070,20260317,91504070,000009.SZ,263587,2,0,10.32,700
2026-03-17 09:15:04.080,20260317,91504080,000009.SZ,263935,2,0,9.82,2000
2026-03-17 09:15:04.090,20260317,91504090,000009.SZ,264116,1,0,8.8,1200
2026-03-17 09:15:04.090,20260317,91504090,000009.SZ,264154,2,0,10.0,100
2026-03-17 09:15:04.090,20260317,91504090,000009.SZ,264187,1,0,9.03,5000
2026-03-17 09:15:04.100,20260317,91504100,000009.SZ,264277,2,0,9.6,500
2026-03-17 09:15:04.110,20260317,91504110,000009.SZ,264516,2,0,10.32,55200
2026-03-17 09:15:04.110,20260317,91504110,000009.SZ,264631,2,0,10.32,100
2026-03-17 09:15:04.110,20260317,91504110,000009.SZ,264632,2,0,10.0,100
2026-03-17 09:15:04.210,20260317,91504210,000009.SZ,265413,2,0,10.3,1200
2026-03-17 09:15:04.300,20260317,91504300,000009.SZ,265834,2,0,10.32,500
2026-03-17 09:15:04.320,20260317,91504320,000009.SZ,266013,2,0,10.31,3600
2026-03-17 09:15:04.420,20260317,91504420,000009.SZ,266750,2,0,9.5,7000
2026-03-17 09:15:04.420,20260317,91504420,000009.SZ,266763,2,0,10.2,5000
2026-03-17 09:15:04.470,20260317,91504470,000009.SZ,267117,2,0,10.32,100
2026-03-17 09:15:04.560,20260317,91504560,000009.SZ,267920,2,0,10.31,1000
2026-03-17 09:15:04.650,20260317,91504650,000009.SZ,268745,2,0,10.31,1300
2026-03-17 09:15:04.720,20260317,91504720,000009.SZ,269222,1,0,9.08,300
2026-03-17 09:15:04.720,20260317,91504720,000009.SZ,269223,1,0,9.0,300
2026-03-17 09:15:04.730,20260317,91504730,000009.SZ,269366,2,0,10.32,1500
2026-03-17 09:15:04.730,20260317,91504730,000009.SZ,269367,2,0,10.32,2500
2026-03-17 09:15:04.840,20260317,91504840,000009.SZ,269986,2,0,10.32,1000
2026-03-17 09:15:04.850,20260317,91504850,000009.SZ,270138,2,0,9.73,2000
2026-03-17 09:15:04.850,20260317,91504850,000009.SZ,270140,2,0,9.98,2100
2026-03-17 09:15:04.870,20260317,91504870,000009.SZ,270306,1,0,9.2,200
2026-03-17 09:15:04.870,20260317,91504870,000009.SZ,270395,2,0,9.69,1000
2026-03-17 09:15:05.030,20260317,91505030,000009.SZ,272831,1,0,9.31,500
2026-03-17 09:15:05.050,20260317,91505050,000009.SZ,273208,1,0,9.27,500
2026-03-17 09:15:05.050,20260317,91505050,000009.SZ,273247,1,0,9.3,400
2026-03-17 09:15:05.060,20260317,91505060,000009.SZ,273380,2,0,9.42,900
2026-03-17 09:15:05.060,20260317,91505060,000009.SZ,273403,1,0,9.27,500
2026-03-17 09:15:05.060,20260317,91505060,000009.SZ,273530,2,0,10.32,200
2026-03-17 09:15:05.070,20260317,91505070,000009.SZ,273621,2,0,9.77,1000
2026-03-17 09:15:05.070,20260317,91505070,000009.SZ,273874,2,0,10.32,100
2026-03-17 09:15:05.080,20260317,91505080,000009.SZ,273972,1,0,9.25,100
2026-03-17 09:15:05.080,20260317,91505080,000009.SZ,273990,2,0,9.75,100
2026-03-17 09:15:05.080,20260317,91505080,000009.SZ,273991,2,0,10.0,100
2026-03-17 09:15:05.090,20260317,91505090,000009.SZ,274134,1,0,9.0,1200
2026-03-17 09:15:05.090,20260317,91505090,000009.SZ,274136,1,0,9.11,1100
2026-03-17 09:15:05.090,20260317,91505090,000009.SZ,274140,2,0,9.69,1100
2026-03-17 09:15:05.100,20260317,91505100,000009.SZ,274330,2,0,9.77,1000
2026-03-17 09:15:05.100,20260317,91505100,000009.SZ,274336,1,0,9.35,1000
2026-03-17 09:15:05.130,20260317,91505130,000009.SZ,274743,2,0,10.32,4900
2026-03-17 09:15:05.140,20260317,91505140,000009.SZ,274922,2,0,10.31,1400
2026-03-17 09:15:05.380,20260317,91505380,000009.SZ,276052,2,0,9.9,500
2026-03-17 09:15:05.580,20260317,91505580,000009.SZ,276983,1,0,8.81,2000
2026-03-17 09:15:05.590,20260317,91505590,000009.SZ,277036,2,0,10.19,1000
2026-03-17 09:15:05.630,20260317,91505630,000009.SZ,277150,1,0,9.01,2700
2026-03-17 09:15:05.930,20260317,91505930,000009.SZ,278326,2,0,9.64,100
2026-03-17 09:15:05.930,20260317,91505930,000009.SZ,278327,1,0,9.1,100
2026-03-17 09:15:05.980,20260317,91505980,000009.SZ,278711,1,0,9.01,2000
2026-03-17 09:15:05.980,20260317,91505980,000009.SZ,278712,1,0,8.85,2000
2026-03-17 09:15:05.980,20260317,91505980,000009.SZ,278713,2,0,10.31,7000
2026-03-17 09:15:06.040,20260317,91506040,000009.SZ,279362,2,0,10.32,200
2026-03-17 09:15:06.060,20260317,91506060,000009.SZ,279630,2,0,9.99,300
2026-03-17 09:15:06.060,20260317,91506060,000009.SZ,279632,2,0,9.79,200
2026-03-17 09:15:06.070,20260317,91506070,000009.SZ,279830,2,0,10.23,4900
2026-03-17 09:15:06.070,20260317,91506070,000009.SZ,279995,2,0,10.3,300
2026-03-17 09:15:06.320,20260317,91506320,000009.SZ,281388,2,0,9.79,1400
2026-03-17 09:15:06.330,20260317,91506330,000009.SZ,281405,1,0,9.11,1500
2026-03-17 09:15:06.550,20260317,91506550,000009.SZ,282130,1,0,9.12,1000
2026-03-17 09:15:06.680,20260317,91506680,000009.SZ,282564,2,0,9.38,100
2026-03-17 09:15:07.030,20260317,91507030,000009.SZ,283950,2,0,10.3,500
2026-03-17 09:15:07.260,20260317,91507260,000009.SZ,284613,2,0,10.32,2400
2026-03-17 09:15:07.460,20260317,91507460,000009.SZ,285041,1,0,9.1,300
2026-03-17 09:15:07.550,20260317,91507550,000009.SZ,285149,1,0,9.0,200
2026-03-17 09:15:07.550,20260317,91507550,000009.SZ,285153,1,0,8.5,200
2026-03-17 09:15:07.820,20260317,91507820,000009.SZ,285674,1,0,8.45,200
2026-03-17 09:15:07.890,20260317,91507890,000009.SZ,285773,2,0,9.83,28600
2026-03-17 09:15:07.950,20260317,91507950,000009.SZ,285921,2,0,9.56,10000
2026-03-17 09:15:08.000,20260317,91508000,000009.SZ,286092,2,0,10.32,3000
2026-03-17 09:15:08.060,20260317,91508060,000009.SZ,286381,2,0,10.31,400
2026-03-17 09:15:08.070,20260317,91508070,000009.SZ,286401,2,0,10.32,12000
2026-03-17 09:15:08.950,20260317,91508950,000009.SZ,287260,2,0,9.56,500
2026-03-17 09:15:12.200,20260317,91512200,000009.SZ,288794,2,0,9.46,200
2026-03-17 09:15:12.200,20260317,91512200,000009.SZ,288795,1,0,9.32,200
2026-03-17 09:15:24.180,20260317,91524180,000009.SZ,291141,2,0,9.57,18100
2026-03-17 09:15:28.630,20260317,91528630,000009.SZ,292146,2,0,9.49,11800
2026-03-17 09:15:28.830,20260317,91528830,000009.SZ,292180,2,0,10.31,200
2026-03-17 09:15:29.100,20260317,91529100,000009.SZ,292225,2,0,9.52,100
2026-03-17 09:15:29.100,20260317,91529100,000009.SZ,292226,1,0,9.32,100
2026-03-17 09:15:39.320,20260317,91539320,000009.SZ,294819,2,0,9.7,100
2026-03-17 09:15:39.320,20260317,91539320,000009.SZ,294820,1,0,8.9,100
2026-03-17 09:15:48.030,20260317,91548030,000009.SZ,297048,2,0,9.46,2000
2026-03-17 09:15:52.110,20260317,91552110,000009.SZ,298149,2,0,9.57,200
2026-03-17 09:15:52.110,20260317,91552110,000009.SZ,298152,1,0,9.28,200
2026-03-17 09:15:54.130,20260317,91554130,000009.SZ,298730,1,0,9.32,400
2026-03-17 09:15:54.130,20260317,91554130,000009.SZ,298731,2,0,9.54,400
2026-03-17 09:15:56.010,20260317,91556010,000009.SZ,299251,1,0,8.77,2800
2026-03-17 09:15:56.540,20260317,91556540,000009.SZ,299429,2,0,9.46,2000
2026-03-17 09:15:57.390,20260317,91557390,000009.SZ,299635,2,0,9.73,1000
2026-03-17 09:15:57.390,20260317,91557390,000009.SZ,299636,1,0,9.06,1000
2026-03-17 09:15:59.120,20260317,91559120,000009.SZ,300107,1,0,9.3,2000
2026-03-17 09:16:00.460,20260317,91600460,000009.SZ,300472,2,0,9.45,100
2026-03-17 09:16:02.510,20260317,91602510,000009.SZ,301108,2,0,9.57,5200
2026-03-17 09:16:04.190,20260317,91604190,000009.SZ,301574,2,0,9.53,900
2026-03-17 09:16:04.710,20260317,91604710,000009.SZ,301776,2,0,9.5,1000
2026-03-17 09:16:06.270,20260317,91606270,000009.SZ,302225,1,0,9.0,3000
2026-03-17 09:16:06.530,20260317,91606530,000009.SZ,302334,2,0,9.5,100
2026-03-17 09:16:06.690,20260317,91606690,000009.SZ,302387,1,0,9.39,1000
2026-03-17 09:16:07.110,20260317,91607110,000009.SZ,302481,2,0,10.31,1900
2026-03-17 09:16:07.830,20260317,91607830,000009.SZ,302723,2,0,10.32,700
2026-03-17 09:16:08.130,20260317,91608130,000009.SZ,302818,1,0,9.16,3000
2026-03-17 09:16:09.780,20260317,91609780,000009.SZ,303286,2,0,9.76,5100
2026-03-17 09:16:11.740,20260317,91611740,000009.SZ,303776,1,0,9.39,200
2026-03-17 09:16:12.570,20260317,91612570,000009.SZ,304005,1,0,8.5,100
2026-03-17 09:16:12.880,20260317,91612880,000009.SZ,304072,2,0,9.55,100
2026-03-17 09:16:12.900,20260317,91612900,000009.SZ,304080,1,0,8.83,2700
2026-03-17 09:16:16.190,20260317,91616190,000009.SZ,304981,1,0,9.39,600
2026-03-17 09:16:18.800,20260317,91618800,000009.SZ,305689,2,0,9.6,100
2026-03-17 09:16:20.060,20260317,91620060,000009.SZ,305988,2,0,10.0,500
2026-03-17 09:16:22.000,20260317,91622000,000009.SZ,306489,2,0,10.32,100
2026-03-17 09:16:24.770,20260317,91624770,000009.SZ,307262,2,0,9.65,100
2026-03-17 09:16:29.640,20260317,91629640,000009.SZ,308585,2,0,10.32,2300
2026-03-17 09:16:30.830,20260317,91630830,000009.SZ,308937,1,0,9.35,100
2026-03-17 09:16:32.050,20260317,91632050,000009.SZ,309250,2,0,10.31,200
2026-03-17 09:16:33.370,20260317,91633370,000009.SZ,309583,2,0,10.31,200
2026-03-17 09:16:36.570,20260317,91636570,000009.SZ,310487,2,0,9.69,3700
2026-03-17 09:16:36.700,20260317,91636700,000009.SZ,310529,2,0,9.48,10000
2026-03-17 09:16:36.910,20260317,91636910,000009.SZ,310598,1,0,9.3,100
2026-03-17 09:16:42.430,20260317,91642430,000009.SZ,312161,2,0,9.65,200
2026-03-17 09:16:42.990,20260317,91642990,000009.SZ,312321,1,0,9.25,100
2026-03-17 09:16:43.020,20260317,91643020,000009.SZ,312329,1,0,9.32,200
2026-03-17 09:16:43.610,20260317,91643610,000009.SZ,312479,1,0,9.35,600
2026-03-17 09:16:44.880,20260317,91644880,000009.SZ,312869,2,0,8.44,1600
2026-03-17 09:16:51.100,20260317,91651100,000009.SZ,314715,1,0,8.44,1000
2026-03-17 09:16:51.130,20260317,91651130,000009.SZ,314730,1,0,9.15,2500
2026-03-17 09:16:54.380,20260317,91654380,000009.SZ,315704,2,0,10.32,500
2026-03-17 09:16:57.290,20260317,91657290,000009.SZ,316583,2,0,10.31,4000
2026-03-17 09:16:57.540,20260317,91657540,000009.SZ,316661,2,0,9.38,1000
2026-03-17 09:16:58.180,20260317,91658180,000009.SZ,316875,2,0,9.62,600
2026-03-17 09:17:03.510,20260317,91703510,000009.SZ,318632,2,0,10.32,13000
2026-03-17 09:17:07.220,20260317,91707220,000009.SZ,319837,2,0,9.75,400
2026-03-17 09:17:13.840,20260317,91713840,000009.SZ,322019,2,0,9.98,4000
2026-03-17 09:17:22.340,20260317,91722340,000009.SZ,324739,1,0,9.38,1000
2026-03-17 09:17:23.010,20260317,91723010,000009.SZ,324988,1,0,8.44,1000
2026-03-17 09:17:23.360,20260317,91723360,000009.SZ,325116,1,0,9.31,3000
2026-03-17 09:17:27.440,20260317,91727440,000009.SZ,326503,2,0,9.99,400
2026-03-17 09:17:27.790,20260317,91727790,000009.SZ,326637,2,0,10.32,900
2026-03-17 09:17:30.890,20260317,91730890,000009.SZ,327686,2,0,10.31,2000
2026-03-17 09:17:31.150,20260317,91731150,000009.SZ,327765,1,0,9.18,300
2026-03-17 09:17:33.990,20260317,91733990,000009.SZ,328780,2,0,10.32,10000
2026-03-17 09:17:35.020,20260317,91735020,000009.SZ,329193,1,0,9.28,1200
2026-03-17 09:17:36.260,20260317,91736260,000009.SZ,329648,2,0,10.31,1000
2026-03-17 09:17:38.010,20260317,91738010,000009.SZ,330249,2,0,10.32,1000
2026-03-17 09:17:40.300,20260317,91740300,000009.SZ,331069,2,0,9.99,500
2026-03-17 09:17:41.250,20260317,91741250,000009.SZ,331402,1,0,9.21,5500
2026-03-17 09:17:45.460,20260317,91745460,000009.SZ,332884,1,0,9.06,100
2026-03-17 09:17:48.660,20260317,91748660,000009.SZ,334022,1,0,9.0,2000
2026-03-17 09:17:49.380,20260317,91749380,000009.SZ,334278,1,0,9.0,500
2026-03-17 09:17:49.580,20260317,91749580,000009.SZ,334337,1,0,9.34,200
2026-03-17 09:17:50.140,20260317,91750140,000009.SZ,334553,2,0,9.88,2000
2026-03-17 09:17:51.900,20260317,91751900,000009.SZ,335188,2,0,9.85,1000
2026-03-17 09:17:52.300,20260317,91752300,000009.SZ,335351,1,0,10.32,100
2026-03-17 09:17:52.440,20260317,91752440,000009.SZ,335418,2,0,9.48,1000
2026-03-17 09:17:56.890,20260317,91756890,000009.SZ,337083,2,0,10.03,1000
2026-03-17 09:17:56.990,20260317,91756990,000009.SZ,337130,2,0,10.31,1000
2026-03-17 09:17:57.600,20260317,91757600,000009.SZ,337352,2,0,9.99,500
2026-03-17 09:17:58.420,20260317,91758420,000009.SZ,337615,2,0,10.05,5000
2026-03-17 09:17:59.530,20260317,91759530,000009.SZ,338000,2,0,10.31,2800
2026-03-17 09:18:01.820,20260317,91801820,000009.SZ,338874,2,0,10.32,800
2026-03-17 09:18:04.340,20260317,91804340,000009.SZ,339866,2,0,9.87,100
2026-03-17 09:18:07.810,20260317,91807810,000009.SZ,341134,2,0,10.31,7800
2026-03-17 09:18:08.490,20260317,91808490,000009.SZ,341433,1,0,9.13,100
2026-03-17 09:18:09.870,20260317,91809870,000009.SZ,341949,2,0,9.45,3400
2026-03-17 09:18:11.020,20260317,91811020,000009.SZ,342394,1,0,9.18,1000
2026-03-17 09:18:15.940,20260317,91815940,000009.SZ,344285,2,0,9.34,100
2026-03-17 09:18:16.420,20260317,91816420,000009.SZ,344488,1,0,9.0,1500
2026-03-17 09:18:23.220,20260317,91823220,000009.SZ,347204,1,0,9.3,1000
2026-03-17 09:18:23.440,20260317,91823440,000009.SZ,347313,2,0,9.56,1000
2026-03-17 09:18:25.710,20260317,91825710,000009.SZ,348184,2,0,10.32,4900
2026-03-17 09:18:26.880,20260317,91826880,000009.SZ,348692,1,0,9.2,5000
2026-03-17 09:18:33.790,20260317,91833790,000009.SZ,351499,2,0,9.46,10000
2026-03-17 09:18:34.960,20260317,91834960,000009.SZ,352172,1,0,9.0,10000
2026-03-17 09:18:37.150,20260317,91837150,000009.SZ,353032,1,0,8.9,1500
2026-03-17 09:18:50.200,20260317,91850200,000009.SZ,358128,1,0,9.3,2500
2026-03-17 09:18:52.270,20260317,91852270,000009.SZ,358973,2,0,10.32,700
2026-03-17 09:18:55.450,20260317,91855450,000009.SZ,360282,2,0,9.74,5000
2026-03-17 09:18:57.460,20260317,91857460,000009.SZ,361089,1,0,10.32,200
2026-03-17 09:19:02.140,20260317,91902140,000009.SZ,363103,1,0,9.28,2000
2026-03-17 09:19:03.150,20260317,91903150,000009.SZ,363627,2,0,9.55,2000
2026-03-17 09:19:04.810,20260317,91904810,000009.SZ,364356,2,0,9.78,4300
2026-03-17 09:19:07.850,20260317,91907850,000009.SZ,365596,2,0,10.32,3000
2026-03-17 09:19:09.700,20260317,91909700,000009.SZ,366408,2,0,10.32,2000
2026-03-17 09:19:13.480,20260317,91913480,000009.SZ,367969,1,0,9.11,500
2026-03-17 09:19:13.890,20260317,91913890,000009.SZ,368120,2,0,9.7,5000
2026-03-17 09:19:15.560,20260317,91915560,000009.SZ,368857,2,0,9.75,1000
2026-03-17 09:19:20.350,20260317,91920350,000009.SZ,370921,2,0,9.45,100
2026-03-17 09:19:20.470,20260317,91920470,000009.SZ,370969,2,0,10.32,200
2026-03-17 09:19:22.730,20260317,91922730,000009.SZ,371941,2,0,10.32,500
2026-03-17 09:19:24.280,20260317,91924280,000009.SZ,372619,2,0,9.8,5000
2026-03-17 09:19:24.920,20260317,91924920,000009.SZ,372886,2,0,10.32,2300
2026-03-17 09:19:26.070,20260317,91926070,000009.SZ,373360,2,0,9.98,5000
2026-03-17 09:19:29.150,20260317,91929150,000009.SZ,374631,2,0,9.38,300
2026-03-17 09:19:29.410,20260317,91929410,000009.SZ,374749,2,0,10.32,1100
2026-03-17 09:19:36.360,20260317,91936360,000009.SZ,377662,2,0,10.32,2500
2026-03-17 09:19:38.380,20260317,91938380,000009.SZ,378531,2,0,9.42,300
2026-03-17 09:19:41.790,20260317,91941790,000009.SZ,379995,1,0,9.0,1200
2026-03-17 09:19:43.930,20260317,91943930,000009.SZ,380956,2,0,9.98,1000
2026-03-17 09:19:45.330,20260317,91945330,000009.SZ,381646,2,0,9.76,5400
2026-03-17 09:19:46.140,20260317,91946140,000009.SZ,382020,2,0,9.88,7500
2026-03-17 09:19:49.610,20260317,91949610,000009.SZ,383700,2,0,9.68,5600
2026-03-17 09:19:49.840,20260317,91949840,000009.SZ,383825,1,0,9.38,100
2026-03-17 09:19:57.460,20260317,91957460,000009.SZ,387543,1,0,9.28,2000
2026-03-17 09:19:58.980,20260317,91958980,000009.SZ,388322,1,0,9.43,11000
2026-03-17 09:19:59.430,20260317,91959430,000009.SZ,388563,1,0,9.38,11000
2026-03-17 09:20:03.010,20260317,92003010,000009.SZ,390093,2,0,9.2,100
2026-03-17 09:20:05.260,20260317,92005260,000009.SZ,391037,1,0,9.2,1000
2026-03-17 09:20:05.290,20260317,92005290,000009.SZ,391049,2,0,9.6,1000
2026-03-17 09:20:05.430,20260317,92005430,000009.SZ,391104,2,0,10.32,700
2026-03-17 09:20:06.080,20260317,92006080,000009.SZ,391374,2,0,10.32,7000
2026-03-17 09:20:12.410,20260317,92012410,000009.SZ,393732,1,0,9.31,1300
2026-03-17 09:20:12.740,20260317,92012740,000009.SZ,393863,1,0,9.28,2000
2026-03-17 09:20:13.480,20260317,92013480,000009.SZ,394120,1,0,9.39,600
2026-03-17 09:20:16.530,20260317,92016530,000009.SZ,395224,2,0,10.0,5400
2026-03-17 09:20:17.450,20260317,92017450,000009.SZ,395540,1,0,9.35,1000
2026-03-17 09:20:18.180,20260317,92018180,000009.SZ,395825,1,0,9.28,6100
2026-03-17 09:20:18.700,20260317,92018700,000009.SZ,396027,1,0,9.16,1500
2026-03-17 09:20:23.090,20260317,92023090,000009.SZ,397589,1,0,9.2,500
2026-03-17 09:20:23.270,20260317,92023270,000009.SZ,397665,2,0,10.32,18300
2026-03-17 09:20:24.040,20260317,92024040,000009.SZ,397969,2,0,9.52,2100
2026-03-17 09:20:25.250,20260317,92025250,000009.SZ,398428,2,0,9.5,2100
2026-03-17 09:20:29.750,20260317,92029750,000009.SZ,400212,2,0,9.69,3600
2026-03-17 09:20:30.480,20260317,92030480,000009.SZ,400509,2,0,9.43,200
2026-03-17 09:20:30.580,20260317,92030580,000009.SZ,400537,2,0,9.48,500
2026-03-17 09:20:30.800,20260317,92030800,000009.SZ,400607,1,0,9.3,200
2026-03-17 09:20:31.040,20260317,92031040,000009.SZ,400707,2,0,9.58,2000
2026-03-17 09:20:31.380,20260317,92031380,000009.SZ,400834,2,0,10.32,200
2026-03-17 09:20:32.340,20260317,92032340,000009.SZ,401200,2,0,10.0,3000
2026-03-17 09:20:33.240,20260317,92033240,000009.SZ,401523,2,0,9.72,4000
2026-03-17 09:20:34.790,20260317,92034790,000009.SZ,402113,1,0,9.33,2400
2026-03-17 09:20:36.850,20260317,92036850,000009.SZ,402860,1,0,9.38,600
2026-03-17 09:20:38.040,20260317,92038040,000009.SZ,403367,2,0,10.23,5700
2026-03-17 09:20:38.160,20260317,92038160,000009.SZ,403424,1,0,9.35,200
2026-03-17 09:20:38.660,20260317,92038660,000009.SZ,403613,2,0,9.8,1000
2026-03-17 09:20:40.710,20260317,92040710,000009.SZ,404406,1,0,9.2,400
2026-03-17 09:20:42.110,20260317,92042110,000009.SZ,404950,2,0,9.6,1200
2026-03-17 09:20:45.960,20260317,92045960,000009.SZ,406548,1,0,8.6,600
2026-03-17 09:20:46.480,20260317,92046480,000009.SZ,406757,1,0,9.3,1000
2026-03-17 09:20:47.730,20260317,92047730,000009.SZ,407221,2,0,9.49,17400
2026-03-17 09:20:48.380,20260317,92048380,000009.SZ,407475,2,0,9.78,50000
2026-03-17 09:20:48.700,20260317,92048700,000009.SZ,407590,2,0,9.59,45000
2026-03-17 09:20:51.930,20260317,92051930,000009.SZ,408936,1,0,9.3,1300
2026-03-17 09:20:52.030,20260317,92052030,000009.SZ,408975,1,0,9.3,200
2026-03-17 09:20:52.570,20260317,92052570,000009.SZ,409207,2,0,9.7,300
2026-03-17 09:20:53.680,20260317,92053680,000009.SZ,409638,2,0,10.3,300
2026-03-17 09:20:54.360,20260317,92054360,000009.SZ,409906,2,0,9.83,400
2026-03-17 09:20:55.170,20260317,92055170,000009.SZ,410294,2,0,9.71,200
2026-03-17 09:20:55.740,20260317,92055740,000009.SZ,410512,2,0,9.39,12000
2026-03-17 09:20:56.640,20260317,92056640,000009.SZ,410858,2,0,9.6,1000
2026-03-17 09:20:58.290,20260317,92058290,000009.SZ,411535,1,0,9.39,300
2026-03-17 09:20:59.120,20260317,92059120,000009.SZ,411839,2,0,9.55,3000
2026-03-17 09:21:00.240,20260317,92100240,000009.SZ,412350,2,0,9.72,200
2026-03-17 09:21:01.040,20260317,92101040,000009.SZ,413232,2,0,8.45,100
2026-03-17 09:21:02.160,20260317,92102160,000009.SZ,413906,1,0,10.32,100
2026-03-17 09:21:02.310,20260317,92102310,000009.SZ,414001,2,0,9.81,1000
2026-03-17 09:21:03.380,20260317,92103380,000009.SZ,414496,1,0,9.49,2000
2026-03-17 09:21:11.020,20260317,92111020,000009.SZ,417738,1,0,9.4,600
2026-03-17 09:21:11.330,20260317,92111330,000009.SZ,417868,1,0,9.1,600
2026-03-17 09:21:11.490,20260317,92111490,000009.SZ,417926,2,0,10.32,1200
2026-03-17 09:21:11.630,20260317,92111630,000009.SZ,417995,1,0,9.36,800
2026-03-17 09:21:12.060,20260317,92112060,000009.SZ,418203,2,0,10.32,100
2026-03-17 09:21:12.450,20260317,92112450,000009.SZ,418364,2,0,10.28,8000
2026-03-17 09:21:14.570,20260317,92114570,000009.SZ,419259,2,0,10.3,6500
2026-03-17 09:21:15.340,20260317,92115340,000009.SZ,419581,2,0,10.31,500
2026-03-17 09:21:15.640,20260317,92115640,000009.SZ,419709,1,0,9.3,5000
2026-03-17 09:21:16.790,20260317,92116790,000009.SZ,420184,2,0,9.6,1000
2026-03-17 09:21:16.860,20260317,92116860,000009.SZ,420220,2,0,10.32,200
2026-03-17 09:21:17.500,20260317,92117500,000009.SZ,420481,1,0,9.38,400
2026-03-17 09:21:19.890,20260317,92119890,000009.SZ,421481,2,0,9.8,1300
2026-03-17 09:21:22.760,20260317,92122760,000009.SZ,422706,1,0,9.26,600
2026-03-17 09:21:23.800,20260317,92123800,000009.SZ,423204,1,0,9.39,600
2026-03-17 09:21:25.630,20260317,92125630,000009.SZ,423986,2,0,9.85,6000
2026-03-17 09:21:26.190,20260317,92126190,000009.SZ,424232,2,0,10.32,200
2026-03-17 09:21:27.550,20260317,92127550,000009.SZ,424859,2,0,9.6,800
2026-03-17 09:21:30.650,20260317,92130650,000009.SZ,426223,2,0,9.57,12200
2026-03-17 09:21:31.510,20260317,92131510,000009.SZ,426596,2,0,9.8,2000
2026-03-17 09:21:31.530,20260317,92131530,000009.SZ,426601,1,0,9.33,1000
2026-03-17 09:21:32.420,20260317,92132420,000009.SZ,426988,2,0,9.39,1000
2026-03-17 09:21:32.760,20260317,92132760,000009.SZ,427135,2,0,9.39,2000
2026-03-17 09:21:33.080,20260317,92133080,000009.SZ,427270,1,0,9.29,300
2026-03-17 09:21:35.970,20260317,92135970,000009.SZ,428517,2,0,9.62,1000
2026-03-17 09:21:38.890,20260317,92138890,000009.SZ,429822,2,0,9.68,300
2026-03-17 09:21:40.460,20260317,92140460,000009.SZ,430507,2,0,10.32,300
2026-03-17 09:21:41.080,20260317,92141080,000009.SZ,430748,2,0,9.45,1000
2026-03-17 09:21:41.190,20260317,92141190,000009.SZ,430790,1,0,9.29,1000
2026-03-17 09:21:41.210,20260317,92141210,000009.SZ,430801,1,0,9.36,2000
2026-03-17 09:21:42.920,20260317,92142920,000009.SZ,431580,2,0,9.47,18800
2026-03-17 09:21:43.340,20260317,92143340,000009.SZ,431778,2,0,9.68,2000
2026-03-17 09:21:45.130,20260317,92145130,000009.SZ,432553,1,0,9.33,5000
2026-03-17 09:21:47.400,20260317,92147400,000009.SZ,433577,2,0,10.32,1000
2026-03-17 09:21:47.880,20260317,92147880,000009.SZ,433783,2,0,10.32,2600
2026-03-17 09:21:48.000,20260317,92148000,000009.SZ,433838,2,0,10.32,10000
2026-03-17 09:21:49.090,20260317,92149090,000009.SZ,434338,2,0,9.69,2000
2026-03-17 09:21:53.160,20260317,92153160,000009.SZ,436107,2,0,10.29,1000
2026-03-17 09:21:54.140,20260317,92154140,000009.SZ,436533,1,0,9.0,1000
2026-03-17 09:21:54.300,20260317,92154300,000009.SZ,436608,1,0,9.3,5000
2026-03-17 09:21:56.250,20260317,92156250,000009.SZ,437452,2,0,9.56,3000
2026-03-17 09:21:58.520,20260317,92158520,000009.SZ,438449,2,0,9.47,1000
2026-03-17 09:21:58.600,20260317,92158600,000009.SZ,438490,2,0,10.32,500
2026-03-17 09:21:58.700,20260317,92158700,000009.SZ,438535,2,0,9.96,8200
2026-03-17 09:21:59.120,20260317,92159120,000009.SZ,438743,1,0,9.18,1000
2026-03-17 09:21:59.600,20260317,92159600,000009.SZ,438967,1,0,9.39,200
2026-03-17 09:21:59.950,20260317,92159950,000009.SZ,439115,2,0,10.32,400
2026-03-17 09:22:02.600,20260317,92202600,000009.SZ,440255,2,0,10.32,600
2026-03-17 09:22:02.650,20260317,92202650,000009.SZ,440284,1,0,9.39,100
2026-03-17 09:22:03.020,20260317,92203020,000009.SZ,440445,1,0,9.38,500
2026-03-17 09:22:07.300,20260317,92207300,000009.SZ,442354,2,0,9.6,400
2026-03-17 09:22:07.380,20260317,92207380,000009.SZ,442392,2,0,9.67,200
2026-03-17 09:22:09.760,20260317,92209760,000009.SZ,443504,2,0,9.65,5000
2026-03-17 09:22:10.940,20260317,92210940,000009.SZ,444064,2,0,9.75,3000
2026-03-17 09:22:11.820,20260317,92211820,000009.SZ,444504,2,0,10.3,1000
2026-03-17 09:22:12.610,20260317,92212610,000009.SZ,444885,2,0,9.6,5000
2026-03-17 09:22:19.320,20260317,92219320,000009.SZ,447980,2,0,9.58,500
2026-03-17 09:22:20.730,20260317,92220730,000009.SZ,448612,2,0,9.79,1500
2026-03-17 09:22:21.380,20260317,92221380,000009.SZ,448896,2,0,9.84,300
2026-03-17 09:22:22.000,20260317,92222000,000009.SZ,449208,1,0,9.27,1000
2026-03-17 09:22:23.710,20260317,92223710,000009.SZ,449956,2,0,9.48,1000
2026-03-17 09:22:25.590,20260317,92225590,000009.SZ,450831,1,0,9.3,1000
2026-03-17 09:22:26.220,20260317,92226220,000009.SZ,451154,1,0,9.55,6200
2026-03-17 09:22:28.510,20260317,92228510,000009.SZ,452183,2,0,10.0,200
2026-03-17 09:22:29.730,20260317,92229730,000009.SZ,452781,2,0,9.9,2000
2026-03-17 09:22:29.970,20260317,92229970,000009.SZ,452909,1,0,9.4,61000
2026-03-17 09:22:30.350,20260317,92230350,000009.SZ,453102,2,0,9.69,100
2026-03-17 09:22:31.630,20260317,92231630,000009.SZ,453761,1,0,9.36,1000
2026-03-17 09:22:32.460,20260317,92232460,000009.SZ,454168,2,0,8.44,10000
2026-03-17 09:22:33.720,20260317,92233720,000009.SZ,454791,1,0,9.36,200
2026-03-17 09:22:33.960,20260317,92233960,000009.SZ,454914,2,0,10.25,2000
2026-03-17 09:22:37.720,20260317,92237720,000009.SZ,456794,2,0,10.32,1000
2026-03-17 09:22:40.430,20260317,92240430,000009.SZ,458070,2,0,9.97,300
2026-03-17 09:22:41.950,20260317,92241950,000009.SZ,458798,2,0,10.32,2100
2026-03-17 09:22:42.040,20260317,92242040,000009.SZ,458845,2,0,9.68,100
2026-03-17 09:22:43.510,20260317,92243510,000009.SZ,459549,1,0,9.2,3000
2026-03-17 09:22:47.440,20260317,92247440,000009.SZ,461483,2,0,10.0,500
2026-03-17 09:22:47.900,20260317,92247900,000009.SZ,461694,2,0,10.2,5000
2026-03-17 09:22:48.120,20260317,92248120,000009.SZ,461814,2,0,9.76,700
2026-03-17 09:22:48.460,20260317,92248460,000009.SZ,461990,2,0,10.0,2000
2026-03-17 09:22:49.320,20260317,92249320,000009.SZ,462408,2,0,10.28,1000
2026-03-17 09:22:51.200,20260317,92251200,000009.SZ,463404,1,0,9.4,2000
2026-03-17 09:22:51.330,20260317,92251330,000009.SZ,463461,1,0,9.32,1000
2026-03-17 09:22:52.550,20260317,92252550,000009.SZ,464104,2,0,10.21,1000
2026-03-17 09:22:54.490,20260317,92254490,000009.SZ,465105,1,0,9.31,1000
2026-03-17 09:22:55.260,20260317,92255260,000009.SZ,465516,2,0,9.9,2100
2026-03-17 09:23:00.280,20260317,92300280,000009.SZ,468194,2,0,9.53,10000
2026-03-17 09:23:02.010,20260317,92302010,000009.SZ,469132,2,0,10.32,300
2026-03-17 09:23:02.340,20260317,92302340,000009.SZ,469317,2,0,9.8,2000
2026-03-17 09:23:05.790,20260317,92305790,000009.SZ,471087,2,0,9.4,10000
2026-03-17 09:23:06.360,20260317,92306360,000009.SZ,471366,2,0,9.4,2000
2026-03-17 09:23:08.770,20260317,92308770,000009.SZ,472625,1,0,9.41,3000
2026-03-17 09:23:09.180,20260317,92309180,000009.SZ,472852,2,0,10.32,2000
2026-03-17 09:23:10.590,20260317,92310590,000009.SZ,473649,2,0,9.6,500
2026-03-17 09:23:11.560,20260317,92311560,000009.SZ,474183,1,0,9.3,1000
2026-03-17 09:23:12.570,20260317,92312570,000009.SZ,474740,2,0,9.58,3000
2026-03-17 09:23:14.230,20260317,92314230,000009.SZ,475684,2,0,10.0,1000
2026-03-17 09:23:14.860,20260317,92314860,000009.SZ,476019,1,0,9.09,100
2026-03-17 09:23:17.220,20260317,92317220,000009.SZ,477344,2,0,9.67,5000
2026-03-17 09:23:18.600,20260317,92318600,000009.SZ,478132,2,0,9.8,800
2026-03-17 09:23:23.320,20260317,92323320,000009.SZ,480768,2,0,9.6,2000
2026-03-17 09:23:24.580,20260317,92324580,000009.SZ,481493,2,0,9.75,35000
2026-03-17 09:23:25.390,20260317,92325390,000009.SZ,481942,2,0,9.99,1000
2026-03-17 09:23:26.880,20260317,92326880,000009.SZ,482799,1,0,9.3,100
2026-03-17 09:23:26.890,20260317,92326890,000009.SZ,482802,2,0,9.93,6900
2026-03-17 09:23:27.400,20260317,92327400,000009.SZ,483100,2,0,9.75,500
2026-03-17 09:23:27.670,20260317,92327670,000009.SZ,483265,2,0,10.3,1000
2026-03-17 09:23:27.770,20260317,92327770,000009.SZ,483321,2,0,9.69,200
2026-03-17 09:23:29.410,20260317,92329410,000009.SZ,484325,1,0,9.41,100
2026-03-17 09:23:29.750,20260317,92329750,000009.SZ,484533,1,0,9.29,1000
2026-03-17 09:23:30.420,20260317,92330420,000009.SZ,484899,2,0,9.7,500
2026-03-17 09:23:30.790,20260317,92330790,000009.SZ,485106,1,0,10.32,500
2026-03-17 09:23:31.690,20260317,92331690,000009.SZ,485647,2,0,9.66,900
2026-03-17 09:23:31.940,20260317,92331940,000009.SZ,485799,1,0,9.22,600
2026-03-17 09:23:36.010,20260317,92336010,000009.SZ,488361,1,0,9.38,200
2026-03-17 09:23:36.130,20260317,92336130,000009.SZ,488435,1,0,9.0,3500
2026-03-17 09:23:36.210,20260317,92336210,000009.SZ,488479,2,0,8.98,1700
2026-03-17 09:23:36.290,20260317,92336290,000009.SZ,488529,2,0,9.45,700
2026-03-17 09:23:36.980,20260317,92336980,000009.SZ,488949,2,0,10.02,2000
2026-03-17 09:23:40.570,20260317,92340570,000009.SZ,491076,2,0,9.75,4200
2026-03-17 09:23:40.800,20260317,92340800,000009.SZ,491176,2,0,9.99,11200
2026-03-17 09:23:41.040,20260317,92341040,000009.SZ,491313,2,0,9.46,3800
2026-03-17 09:23:42.200,20260317,92342200,000009.SZ,492014,1,0,9.27,1000
2026-03-17 09:23:42.360,20260317,92342360,000009.SZ,492109,2,0,10.08,1000
2026-03-17 09:23:42.540,20260317,92342540,000009.SZ,492213,2,0,9.65,10000
2026-03-17 09:23:44.610,20260317,92344610,000009.SZ,493468,2,0,10.1,1000
2026-03-17 09:23:48.160,20260317,92348160,000009.SZ,495675,2,0,9.8,1000
2026-03-17 09:23:49.960,20260317,92349960,000009.SZ,496735,2,0,10.32,1100
2026-03-17 09:23:50.810,20260317,92350810,000009.SZ,497246,1,0,8.85,600
2026-03-17 09:23:50.950,20260317,92350950,000009.SZ,497327,1,0,9.3,900
2026-03-17 09:23:51.550,20260317,92351550,000009.SZ,497685,2,0,9.59,2000
2026-03-17 09:23:52.010,20260317,92352010,000009.SZ,497956,1,0,9.28,1000
2026-03-17 09:23:52.680,20260317,92352680,000009.SZ,498355,1,0,9.38,100
2026-03-17 09:23:52.700,20260317,92352700,000009.SZ,498375,1,0,9.25,1000
2026-03-17 09:23:52.940,20260317,92352940,000009.SZ,498535,2,0,10.32,4000
2026-03-17 09:23:53.370,20260317,92353370,000009.SZ,498757,2,0,10.32,5000
2026-03-17 09:23:53.540,20260317,92353540,000009.SZ,498874,2,0,10.32,1000
2026-03-17 09:23:54.510,20260317,92354510,000009.SZ,499483,1,0,9.4,1400
2026-03-17 09:23:54.960,20260317,92354960,000009.SZ,499767,2,0,9.53,10000
2026-03-17 09:23:55.150,20260317,92355150,000009.SZ,499877,2,0,9.9,1000
2026-03-17 09:23:55.480,20260317,92355480,000009.SZ,500067,1,0,9.37,10500
2026-03-17 09:23:55.970,20260317,92355970,000009.SZ,500361,1,0,9.15,2000
2026-03-17 09:23:58.560,20260317,92358560,000009.SZ,501997,2,0,9.39,2000
2026-03-17 09:23:59.100,20260317,92359100,000009.SZ,502361,2,0,9.7,400
2026-03-17 09:23:59.270,20260317,92359270,000009.SZ,502461,2,0,10.16,5000
2026-03-17 09:23:59.680,20260317,92359680,000009.SZ,502712,2,0,9.6,100
2026-03-17 09:24:01.090,20260317,92401090,000009.SZ,503883,1,0,9.29,500
2026-03-17 09:24:01.760,20260317,92401760,000009.SZ,504363,2,0,9.66,3300
2026-03-17 09:24:01.900,20260317,92401900,000009.SZ,504456,2,0,9.4,20100
2026-03-17 09:24:02.130,20260317,92402130,000009.SZ,504623,2,0,9.58,4200
2026-03-17 09:24:02.450,20260317,92402450,000009.SZ,504834,1,0,9.0,1000
2026-03-17 09:24:02.580,20260317,92402580,000009.SZ,504931,2,0,9.69,2000
2026-03-17 09:24:04.120,20260317,92404120,000009.SZ,505968,2,0,9.4,300
2026-03-17 09:24:04.450,20260317,92404450,000009.SZ,506232,2,0,10.32,10000
2026-03-17 09:24:05.860,20260317,92405860,000009.SZ,507213,2,0,10.3,700
2026-03-17 09:24:06.640,20260317,92406640,000009.SZ,507767,2,0,9.9,400
2026-03-17 09:24:06.800,20260317,92406800,000009.SZ,507880,2,0,9.48,4300
2026-03-17 09:24:07.630,20260317,92407630,000009.SZ,508524,2,0,9.41,5000
2026-03-17 09:24:08.020,20260317,92408020,000009.SZ,508780,2,0,10.17,27000
2026-03-17 09:24:08.330,20260317,92408330,000009.SZ,509004,2,0,9.96,800
2026-03-17 09:24:09.640,20260317,92409640,000009.SZ,509986,1,0,9.4,1100
2026-03-17 09:24:09.690,20260317,92409690,000009.SZ,510024,2,0,9.4,17500
2026-03-17 09:24:09.760,20260317,92409760,000009.SZ,510075,1,0,8.44,1000
2026-03-17 09:24:09.910,20260317,92409910,000009.SZ,510183,2,0,9.96,500
2026-03-17 09:24:10.720,20260317,92410720,000009.SZ,510816,1,0,9.48,600
2026-03-17 09:24:12.210,20260317,92412210,000009.SZ,511972,2,0,9.95,700
2026-03-17 09:24:14.450,20260317,92414450,000009.SZ,513720,2,0,10.31,1000
2026-03-17 09:24:14.630,20260317,92414630,000009.SZ,513850,2,0,10.1,400
2026-03-17 09:24:15.980,20260317,92415980,000009.SZ,514946,2,0,9.35,2300
2026-03-17 09:24:16.320,20260317,92416320,000009.SZ,515222,2,0,9.96,1000
2026-03-17 09:24:17.900,20260317,92417900,000009.SZ,516550,1,0,9.4,100
2026-03-17 09:24:19.110,20260317,92419110,000009.SZ,517603,2,0,9.9,3000
2026-03-17 09:24:19.770,20260317,92419770,000009.SZ,518234,2,0,10.32,400
2026-03-17 09:24:22.110,20260317,92422110,000009.SZ,520332,2,0,9.6,2000
2026-03-17 09:24:22.770,20260317,92422770,000009.SZ,520932,2,0,9.6,1600
2026-03-17 09:24:23.470,20260317,92423470,000009.SZ,521541,1,0,9.34,2000
2026-03-17 09:24:23.630,20260317,92423630,000009.SZ,521682,2,0,10.32,500
2026-03-17 09:24:25.730,20260317,92425730,000009.SZ,523479,1,0,9.4,10000
2026-03-17 09:24:27.910,20260317,92427910,000009.SZ,525372,2,0,8.44,100
2026-03-17 09:24:28.010,20260317,92428010,000009.SZ,525481,2,0,9.77,2000
2026-03-17 09:24:32.650,20260317,92432650,000009.SZ,530031,2,0,10.32,2000
2026-03-17 09:24:33.160,20260317,92433160,000009.SZ,530491,2,0,9.8,20000
2026-03-17 09:24:33.420,20260317,92433420,000009.SZ,530711,2,0,10.32,1500
2026-03-17 09:24:34.210,20260317,92434210,000009.SZ,531403,1,0,9.4,1000
2026-03-17 09:24:35.160,20260317,92435160,000009.SZ,532221,1,0,9.4,100
2026-03-17 09:24:37.210,20260317,92437210,000009.SZ,534115,1,0,9.33,1500
2026-03-17 09:24:37.290,20260317,92437290,000009.SZ,534193,2,0,9.7,400
2026-03-17 09:24:38.290,20260317,92438290,000009.SZ,535235,1,0,9.48,6000
2026-03-17 09:24:38.490,20260317,92438490,000009.SZ,535461,2,0,9.92,1000
2026-03-17 09:24:40.900,20260317,92440900,000009.SZ,538159,2,0,9.37,8700
2026-03-17 09:24:44.330,20260317,92444330,000009.SZ,541518,2,0,10.02,1000
2026-03-17 09:24:46.060,20260317,92446060,000009.SZ,543390,1,0,9.41,1100
2026-03-17 09:24:46.140,20260317,92446140,000009.SZ,543473,2,0,9.6,2000
2026-03-17 09:24:46.280,20260317,92446280,000009.SZ,543617,2,0,10.32,17500
2026-03-17 09:24:47.990,20260317,92447990,000009.SZ,545403,1,0,9.3,1000
2026-03-17 09:24:48.850,20260317,92448850,000009.SZ,546423,2,0,9.42,1200
2026-03-17 09:24:49.020,20260317,92449020,000009.SZ,546668,2,0,10.32,300
2026-03-17 09:24:50.120,20260317,92450120,000009.SZ,548503,2,0,10.12,1000
2026-03-17 09:24:50.510,20260317,92450510,000009.SZ,549235,1,0,9.35,3000
2026-03-17 09:24:50.730,20260317,92450730,000009.SZ,549524,1,0,10.32,800
2026-03-17 09:24:51.340,20260317,92451340,000009.SZ,550372,2,0,9.22,7600
2026-03-17 09:24:51.900,20260317,92451900,000009.SZ,551108,2,0,9.37,200
2026-03-17 09:24:51.920,20260317,92451920,000009.SZ,551130,2,0,9.6,3000
2026-03-17 09:24:52.080,20260317,92452080,000009.SZ,551329,1,0,9.54,200
2026-03-17 09:24:52.080,20260317,92452080,000009.SZ,551330,1,0,9.54,200
2026-03-17 09:24:53.270,20260317,92453270,000009.SZ,553026,2,0,9.75,1700
2026-03-17 09:24:54.450,20260317,92454450,000009.SZ,554981,1,0,9.53,14200
2026-03-17 09:24:54.460,20260317,92454460,000009.SZ,554993,1,0,9.41,4400
2026-03-17 09:24:54.710,20260317,92454710,000009.SZ,555393,2,0,9.4,1000
2026-03-17 09:24:54.940,20260317,92454940,000009.SZ,555797,1,0,9.49,100
2026-03-17 09:24:55.250,20260317,92455250,000009.SZ,556459,1,0,9.3,1000
2026-03-17 09:24:55.510,20260317,92455510,000009.SZ,556918,2,0,10.22,1000
2026-03-17 09:24:55.730,20260317,92455730,000009.SZ,557409,1,0,9.3,1000
2026-03-17 09:24:55.760,20260317,92455760,000009.SZ,557488,1,0,9.3,500
2026-03-17 09:24:56.370,20260317,92456370,000009.SZ,559325,1,0,9.49,100
2026-03-17 09:24:56.880,20260317,92456880,000009.SZ,560931,2,0,9.29,7500
2026-03-17 09:24:57.150,20260317,92457150,000009.SZ,561886,2,0,9.4,100
2026-03-17 09:24:57.170,20260317,92457170,000009.SZ,561966,1,0,9.4,200
2026-03-17 09:24:57.170,20260317,92457170,000009.SZ,561986,1,0,9.4,100
2026-03-17 09:24:57.170,20260317,92457170,000009.SZ,561987,1,0,9.4,100
2026-03-17 09:24:57.190,20260317,92457190,000009.SZ,562051,1,0,9.4,100
2026-03-17 09:24:57.710,20260317,92457710,000009.SZ,563596,2,0,9.8,1000
2026-03-17 09:24:58.160,20260317,92458160,000009.SZ,564764,2,0,9.29,14100
2026-03-17 09:24:59.110,20260317,92459110,000009.SZ,568745,2,0,9.49,2000
2026-03-17 09:24:59.520,20260317,92459520,000009.SZ,570625,2,0,9.25,2900
2026-03-17 09:30:00.000,20260317,93000000,000009.SZ,662048,2,0,9.39,200
2026-03-17 09:30:00.040,20260317,93000040,000009.SZ,669802,2,0,9.39,6000
2026-03-17 09:30:00.040,20260317,93000040,000009.SZ,671825,2,0,9.82,10000
2026-03-17 09:30:00.050,20260317,93000050,000009.SZ,676046,1,0,9.35,5000
2026-03-17 09:30:00.050,20260317,93000050,000009.SZ,676808,1,0,9.34,1000
2026-03-17 09:30:00.060,20260317,93000060,000009.SZ,678641,2,0,10.2,1000
2026-03-17 09:30:00.060,20260317,93000060,000009.SZ,678725,2,0,10.3,1000
2026-03-17 09:30:00.060,20260317,93000060,000009.SZ,683111,1,0,9.35,100
2026-03-17 09:30:00.070,20260317,93000070,000009.SZ,683262,2,0,9.42,400
2026-03-17 09:30:00.070,20260317,93000070,000009.SZ,683394,1,0,9.34,100
2026-03-17 09:30:00.070,20260317,93000070,000009.SZ,684086,1,0,9.32,100
2026-03-17 09:30:00.070,20260317,93000070,000009.SZ,684693,1,0,9.38,600
2026-03-17 09:30:00.070,20260317,93000070,000009.SZ,684766,2,0,10.32,1000
2026-03-17 09:30:00.070,20260317,93000070,000009.SZ,687868,2,0,9.98,2000
2026-03-17 09:30:00.070,20260317,93000070,000009.SZ,688489,2,0,9.75,27000
2026-03-17 09:30:00.070,20260317,93000070,000009.SZ,688918,2,0,9.4,2000
2026-03-17 09:30:00.080,20260317,93000080,000009.SZ,691259,1,0,9.3,1000
2026-03-17 09:30:00.080,20260317,93000080,000009.SZ,691651,2,0,9.42,5500
2026-03-17 09:30:00.090,20260317,93000090,000009.SZ,695464,2,0,10.0,2000
2026-03-17 09:30:00.090,20260317,93000090,000009.SZ,697839,1,0,9.39,300
2026-03-17 09:30:00.090,20260317,93000090,000009.SZ,698163,1,0,9.4,1400
2026-03-17 09:30:00.090,20260317,93000090,000009.SZ,698302,2,0,9.76,11300
2026-03-17 09:30:00.090,20260317,93000090,000009.SZ,700959,1,0,9.35,2000
2026-03-17 09:30:00.090,20260317,93000090,000009.SZ,701096,2,0,9.7,1000
2026-03-17 09:30:00.090,20260317,93000090,000009.SZ,701346,2,0,9.49,500
2026-03-17 09:30:00.100,20260317,93000100,000009.SZ,702652,1,0,9.39,500
2026-03-17 09:30:00.100,20260317,93000100,000009.SZ,703578,1,0,9.4,56300
2026-03-17 09:30:00.100,20260317,93000100,000009.SZ,706190,2,0,9.59,1000
2026-03-17 09:30:00.110,20260317,93000110,000009.SZ,708205,2,0,10.31,500
2026-03-17 09:30:00.110,20260317,93000110,000009.SZ,709185,2,0,9.39,1000
2026-03-17 09:30:00.110,20260317,93000110,000009.SZ,709210,2,0,9.65,1300
2026-03-17 09:30:00.110,20260317,93000110,000009.SZ,711457,1,0,9.32,500
2026-03-17 09:30:00.110,20260317,93000110,000009.SZ,712105,2,0,10.32,3000
2026-03-17 09:30:00.110,20260317,93000110,000009.SZ,713994,1,0,9.3,1000
2026-03-17 09:30:00.120,20260317,93000120,000009.SZ,716246,2,0,9.7,1000
2026-03-17 09:30:00.120,20260317,93000120,000009.SZ,717497,1,0,9.4,100
2026-03-17 09:30:00.120,20260317,93000120,000009.SZ,718482,2,0,9.99,500
2026-03-17 09:30:00.120,20260317,93000120,000009.SZ,719876,2,0,9.55,4000
2026-03-17 09:30:00.130,20260317,93000130,000009.SZ,720013,2,0,10.32,5000
2026-03-17 09:30:00.130,20260317,93000130,000009.SZ,720423,2,0,10.32,85500
2026-03-17 09:30:00.130,20260317,93000130,000009.SZ,720463,2,0,9.9,700
2026-03-17 09:30:00.130,20260317,93000130,000009.SZ,722957,2,0,9.98,1000
2026-03-17 09:30:00.130,20260317,93000130,000009.SZ,723238,1,0,9.4,1900
2026-03-17 09:30:00.130,20260317,93000130,000009.SZ,723444,1,0,9.33,10200
2026-03-17 09:30:00.140,20260317,93000140,000009.SZ,727965,2,0,10.32,1000
2026-03-17 09:30:00.140,20260317,93000140,000009.SZ,728054,2,0,9.58,5000
2026-03-17 09:30:00.140,20260317,93000140,000009.SZ,728253,2,0,9.49,1000
2026-03-17 09:30:00.140,20260317,93000140,000009.SZ,730326,2,0,10.32,600
2026-03-17 09:30:00.140,20260317,93000140,000009.SZ,730568,2,0,9.7,26100
2026-03-17 09:30:00.150,20260317,93000150,000009.SZ,731619,2,0,10.32,4000
2026-03-17 09:30:00.150,20260317,93000150,000009.SZ,732907,1,0,9.4,1000
2026-03-17 09:30:00.150,20260317,93000150,000009.SZ,733409,2,0,9.75,400
2026-03-17 09:30:00.150,20260317,93000150,000009.SZ,733582,2,0,9.51,4600
2026-03-17 09:30:00.150,20260317,93000150,000009.SZ,736446,1,0,9.35,1000
2026-03-17 09:30:00.160,20260317,93000160,000009.SZ,738591,1,0,9.37,1000
2026-03-17 09:30:00.160,20260317,93000160,000009.SZ,739820,1,0,9.33,1000
2026-03-17 09:30:00.170,20260317,93000170,000009.SZ,744212,1,0,9.36,10000
2026-03-17 09:30:00.170,20260317,93000170,000009.SZ,745297,2,0,9.8,500
2026-03-17 09:30:00.170,20260317,93000170,000009.SZ,745910,2,0,9.39,700
2026-03-17 09:30:00.170,20260317,93000170,000009.SZ,746111,2,0,9.39,200
2026-03-17 09:30:00.170,20260317,93000170,000009.SZ,746629,2,0,9.95,2000
2026-03-17 09:30:00.170,20260317,93000170,000009.SZ,746740,2,0,9.43,17000
2026-03-17 09:30:00.180,20260317,93000180,000009.SZ,748745,2,0,9.8,4000
2026-03-17 09:30:00.180,20260317,93000180,000009.SZ,749373,2,0,9.79,1100
2026-03-17 09:30:00.180,20260317,93000180,000009.SZ,751094,2,0,9.65,1000
2026-03-17 09:30:00.180,20260317,93000180,000009.SZ,751948,2,0,9.39,900
2026-03-17 09:30:00.190,20260317,93000190,000009.SZ,752513,2,0,9.78,2000
2026-03-17 09:30:00.190,20260317,93000190,000009.SZ,752563,2,0,10.32,2000
2026-03-17 09:30:00.190,20260317,93000190,000009.SZ,753100,2,0,9.68,3000
2026-03-17 09:30:00.200,20260317,93000200,000009.SZ,757766,1,0,9.32,17400
2026-03-17 09:30:00.200,20260317,93000200,000009.SZ,757856,2,0,9.4,1000
2026-03-17 09:30:00.200,20260317,93000200,000009.SZ,757910,2,0,9.57,100
2026-03-17 09:30:00.200,20260317,93000200,000009.SZ,759227,2,0,9.5,1000
2026-03-17 09:30:00.200,20260317,93000200,000009.SZ,760354,1,0,9.2,300
2026-03-17 09:30:00.210,20260317,93000210,000009.SZ,762454,2,0,9.56,1000
2026-03-17 09:30:00.210,20260317,93000210,000009.SZ,762594,1,0,9.3,16000
2026-03-17 09:30:00.210,20260317,93000210,000009.SZ,763093,2,0,10.32,1500
2026-03-17 09:30:00.210,20260317,93000210,000009.SZ,763318,2,0,9.45,2300
2026-03-17 09:30:00.210,20260317,93000210,000009.SZ,764874,1,0,9.38,2300
2026-03-17 09:30:00.220,20260317,93000220,000009.SZ,765994,2,0,9.85,500
2026-03-17 09:30:00.230,20260317,93000230,000009.SZ,770338,2,0,9.4,1000
2026-03-17 09:30:00.230,20260317,93000230,000009.SZ,770851,2,0,9.69,700
2026-03-17 09:30:00.230,20260317,93000230,000009.SZ,773442,2,0,9.59,1400
2026-03-17 09:30:00.240,20260317,93000240,000009.SZ,776294,2,0,9.54,500
2026-03-17 09:30:00.240,20260317,93000240,000009.SZ,777346,1,0,9.37,100
2026-03-17 09:30:00.240,20260317,93000240,000009.SZ,777720,1,0,9.26,600
2026-03-17 09:30:00.240,20260317,93000240,000009.SZ,777891,1,0,9.37,1000
2026-03-17 09:30:00.240,20260317,93000240,000009.SZ,777946,2,0,9.59,300
2026-03-17 09:30:00.250,20260317,93000250,000009.SZ,779593,1,0,9.39,1000
2026-03-17 09:30:00.250,20260317,93000250,000009.SZ,779713,2,0,9.54,4500
2026-03-17 09:30:00.250,20260317,93000250,000009.SZ,780893,2,0,9.85,1100
2026-03-17 09:30:00.250,20260317,93000250,000009.SZ,781981,2,0,9.77,1000
2026-03-17 09:30:00.260,20260317,93000260,000009.SZ,784407,2,0,9.88,1000
2026-03-17 09:30:00.260,20260317,93000260,000009.SZ,784780,2,0,9.58,1000
2026-03-17 09:30:00.260,20260317,93000260,000009.SZ,784807,2,0,9.58,1000
2026-03-17 09:30:00.270,20260317,93000270,000009.SZ,785757,2,0,10.1,2000
2026-03-17 09:30:00.270,20260317,93000270,000009.SZ,785779,2,0,9.55,2100
2026-03-17 09:30:00.270,20260317,93000270,000009.SZ,786369,2,0,10.03,300
2026-03-17 09:30:00.270,20260317,93000270,000009.SZ,786736,2,0,10.31,2900
2026-03-17 09:30:00.270,20260317,93000270,000009.SZ,787811,1,0,8.93,400
2026-03-17 09:30:00.270,20260317,93000270,000009.SZ,787968,2,0,9.61,24800
2026-03-17 09:30:00.270,20260317,93000270,000009.SZ,788388,2,0,10.3,3000
2026-03-17 09:30:00.280,20260317,93000280,000009.SZ,789499,2,0,10.02,300
2026-03-17 09:30:00.280,20260317,93000280,000009.SZ,791136,2,0,9.73,2100
2026-03-17 09:30:00.280,20260317,93000280,000009.SZ,791338,2,0,9.8,1000
2026-03-17 09:30:00.290,20260317,93000290,000009.SZ,792751,2,0,9.5,500
2026-03-17 09:30:00.290,20260317,93000290,000009.SZ,793782,2,0,9.84,6800
2026-03-17 09:30:00.300,20260317,93000300,000009.SZ,795209,2,0,9.69,1000
2026-03-17 09:30:00.300,20260317,93000300,000009.SZ,795415,1,0,9.32,2700
2026-03-17 09:30:00.300,20260317,93000300,000009.SZ,795727,1,0,9.31,2700
2026-03-17 09:30:00.300,20260317,93000300,000009.SZ,795950,1,0,9.3,2700
2026-03-17 09:30:00.300,20260317,93000300,000009.SZ,797399,1,0,9.4,300
2026-03-17 09:30:00.310,20260317,93000310,000009.SZ,797622,2,0,9.48,4000
2026-03-17 09:30:00.310,20260317,93000310,000009.SZ,799933,2,0,9.65,300
2026-03-17 09:30:00.310,20260317,93000310,000009.SZ,800016,1,0,9.41,400
2026-03-17 09:30:00.320,20260317,93000320,000009.SZ,800633,1,0,9.33,3000
2026-03-17 09:30:00.320,20260317,93000320,000009.SZ,800821,1,0,9.29,3000
2026-03-17 09:30:00.320,20260317,93000320,000009.SZ,801099,2,0,9.59,200
2026-03-17 09:30:00.330,20260317,93000330,000009.SZ,803000,2,0,9.55,1000
2026-03-17 09:30:00.330,20260317,93000330,000009.SZ,803516,2,0,9.59,1000
2026-03-17 09:30:00.330,20260317,93000330,000009.SZ,803620,2,0,9.68,1000
2026-03-17 09:30:00.330,20260317,93000330,000009.SZ,804590,1,0,9.4,200
2026-03-17 09:30:00.340,20260317,93000340,000009.SZ,805492,2,0,9.46,1000
2026-03-17 09:30:00.340,20260317,93000340,000009.SZ,806547,2,0,9.65,200
2026-03-17 09:30:00.340,20260317,93000340,000009.SZ,807104,2,0,9.6,10000
2026-03-17 09:30:00.340,20260317,93000340,000009.SZ,807700,1,0,9.34,1900
2026-03-17 09:30:00.350,20260317,93000350,000009.SZ,809470,2,0,9.4,400
2026-03-17 09:30:00.350,20260317,93000350,000009.SZ,810202,2,0,9.47,1200
2026-03-17 09:30:00.360,20260317,93000360,000009.SZ,811333,2,0,9.9,2500
2026-03-17 09:30:00.360,20260317,93000360,000009.SZ,812389,1,0,9.4,400
2026-03-17 09:30:00.360,20260317,93000360,000009.SZ,812784,1,0,9.35,3000
2026-03-17 09:30:00.370,20260317,93000370,000009.SZ,814978,2,0,9.57,5000
2026-03-17 09:30:00.370,20260317,93000370,000009.SZ,815497,2,0,9.84,400
2026-03-17 09:30:00.380,20260317,93000380,000009.SZ,816471,2,0,10.32,3000
2026-03-17 09:30:00.390,20260317,93000390,000009.SZ,818674,2,0,9.51,5300
2026-03-17 09:30:00.390,20260317,93000390,000009.SZ,819489,2,0,9.8,500
2026-03-17 09:30:00.390,20260317,93000390,000009.SZ,820306,2,0,9.36,1200
2026-03-17 09:30:00.400,20260317,93000400,000009.SZ,820931,2,0,9.71,5600
2026-03-17 09:30:00.410,20260317,93000410,000009.SZ,822266,2,0,9.39,100
2026-03-17 09:30:00.410,20260317,93000410,000009.SZ,823331,2,0,9.45,6000
2026-03-17 09:30:00.430,20260317,93000430,000009.SZ,826985,2,0,9.9,1600
2026-03-17 09:30:00.440,20260317,93000440,000009.SZ,828514,1,0,9.37,10500
2026-03-17 09:30:00.440,20260317,93000440,000009.SZ,828974,1,0,9.36,900
2026-03-17 09:30:00.440,20260317,93000440,000009.SZ,829213,2,0,9.63,2000
2026-03-17 09:30:00.460,20260317,93000460,000009.SZ,832246,2,0,9.6,300
2026-03-17 09:30:00.460,20260317,93000460,000009.SZ,832602,1,0,9.35,100
2026-03-17 09:30:00.460,20260317,93000460,000009.SZ,832767,2,0,9.6,2000
2026-03-17 09:30:00.470,20260317,93000470,000009.SZ,834424,1,0,9.35,500
2026-03-17 09:30:00.470,20260317,93000470,000009.SZ,835035,1,0,9.37,500
2026-03-17 09:30:00.480,20260317,93000480,000009.SZ,836604,2,0,9.6,300
2026-03-17 09:30:00.480,20260317,93000480,000009.SZ,836677,2,0,9.8,300
2026-03-17 09:30:00.480,20260317,93000480,000009.SZ,836959,1,0,9.4,5000
2026-03-17 09:30:00.480,20260317,93000480,000009.SZ,837086,2,0,9.7,500
2026-03-17 09:30:00.480,20260317,93000480,000009.SZ,837409,1,0,9.05,100
2026-03-17 09:30:00.480,20260317,93000480,000009.SZ,837436,1,0,8.86,100
2026-03-17 09:30:00.480,20260317,93000480,000009.SZ,837443,1,0,8.78,100
2026-03-17 09:30:00.480,20260317,93000480,000009.SZ,837444,1,0,8.71,100
2026-03-17 09:30:00.480,20260317,93000480,000009.SZ,837489,1,0,8.88,100
2026-03-17 09:30:00.480,20260317,93000480,000009.SZ,837505,1,0,8.94,100
2026-03-17 09:30:00.480,20260317,93000480,000009.SZ,837515,1,0,8.8,100
2026-03-17 09:30:00.480,20260317,93000480,000009.SZ,837525,1,0,8.82,100
2026-03-17 09:30:00.480,20260317,93000480,000009.SZ,837526,2,0,10.0,10000
2026-03-17 09:30:00.480,20260317,93000480,000009.SZ,837533,1,0,8.75,100
2026-03-17 09:30:00.480,20260317,93000480,000009.SZ,837535,1,0,9.02,100
2026-03-17 09:30:00.480,20260317,93000480,000009.SZ,837554,1,0,9.14,100
2026-03-17 09:30:00.480,20260317,93000480,000009.SZ,837575,1,0,8.69,100
2026-03-17 09:30:00.480,20260317,93000480,000009.SZ,837578,1,0,9.07,100
2026-03-17 09:30:00.480,20260317,93000480,000009.SZ,837589,1,0,9.12,100
2026-03-17 09:30:00.480,20260317,93000480,000009.SZ,837676,2,0,9.4,200
2026-03-17 09:30:00.480,20260317,93000480,000009.SZ,837690,2,0,9.4,600
2026-03-17 09:30:00.480,20260317,93000480,000009.SZ,837695,2,0,9.4,100
2026-03-17 09:30:00.480,20260317,93000480,000009.SZ,837714,2,0,9.4,100
2026-03-17 09:30:00.480,20260317,93000480,000009.SZ,837725,1,0,8.97,100
2026-03-17 09:30:00.480,20260317,93000480,000009.SZ,837726,2,0,9.4,100
2026-03-17 09:30:00.480,20260317,93000480,000009.SZ,837737,2,0,9.4,100
2026-03-17 09:30:00.480,20260317,93000480,000009.SZ,837739,2,0,9.4,100
2026-03-17 09:30:00.480,20260317,93000480,000009.SZ,837778,2,0,9.38,300
2026-03-17 09:30:00.490,20260317,93000490,000009.SZ,837873,1,0,8.84,100
2026-03-17 09:30:00.490,20260317,93000490,000009.SZ,837981,2,0,9.39,200
2026-03-17 09:30:00.490,20260317,93000490,000009.SZ,838040,2,0,9.39,1100
2026-03-17 09:30:00.490,20260317,93000490,000009.SZ,838046,2,0,9.39,1800
2026-03-17 09:30:00.490,20260317,93000490,000009.SZ,838048,2,0,9.39,700
2026-03-17 09:30:00.490,20260317,93000490,000009.SZ,838051,2,0,9.39,2000
2026-03-17 09:30:00.490,20260317,93000490,000009.SZ,838053,2,0,9.39,500
2026-03-17 09:30:00.490,20260317,93000490,000009.SZ,838057,2,0,9.39,400
2026-03-17 09:30:00.490,20260317,93000490,000009.SZ,838061,2,0,9.39,700
2026-03-17 09:30:00.490,20260317,93000490,000009.SZ,838063,2,0,9.39,100
2026-03-17 09:30:00.490,20260317,93000490,000009.SZ,838069,2,0,9.39,800
2026-03-17 09:30:00.490,20260317,93000490,000009.SZ,838075,2,0,9.39,400
2026-03-17 09:30:00.490,20260317,93000490,000009.SZ,838081,1,0,8.93,100
2026-03-17 09:30:00.490,20260317,93000490,000009.SZ,838250,2,0,9.4,800
2026-03-17 09:30:00.490,20260317,93000490,000009.SZ,838802,2,0,9.4,1200
2026-03-17 09:30:00.490,20260317,93000490,000009.SZ,838805,2,0,9.39,400
2026-03-17 09:30:00.490,20260317,93000490,000009.SZ,838807,2,0,9.39,600
