timestamp,date,stamp,code,order_no,bs_flag,order_type,order_price,order_volume
2026-04-09 09:15:00.030,20260409,91500030,000009.SZ,1414,2,0,8.99,1900
2026-04-09 09:15:00.040,20260409,91500040,000009.SZ,4512,2,0,9.74,100
2026-04-09 09:15:00.040,20260409,91500040,000009.SZ,4728,1,0,8.79,2000
2026-04-09 09:15:00.040,20260409,91500040,000009.SZ,4734,1,0,8.67,2000
2026-04-09 09:15:00.040,20260409,91500040,000009.SZ,4798,2,0,9.74,3000
2026-04-09 09:15:00.050,20260409,91500050,000009.SZ,6249,2,0,9.2,1000
2026-04-09 09:15:00.050,20260409,91500050,000009.SZ,6250,2,0,9.7,1000
2026-04-09 09:15:00.050,20260409,91500050,000009.SZ,6598,2,0,9.02,2000
2026-04-09 09:15:00.050,20260409,91500050,000009.SZ,6934,2,0,8.97,600
2026-04-09 09:15:00.050,20260409,91500050,000009.SZ,7675,2,0,9.09,1400
2026-04-09 09:15:00.050,20260409,91500050,000009.SZ,8762,2,0,8.97,400
2026-04-09 09:15:00.050,20260409,91500050,000009.SZ,8834,2,0,9.74,200
2026-04-09 09:15:00.050,20260409,91500050,000009.SZ,10076,2,0,9.4,100
2026-04-09 09:15:00.050,20260409,91500050,000009.SZ,10218,2,0,9.5,100
2026-04-09 09:15:00.050,20260409,91500050,000009.SZ,10335,2,0,8.89,1000
2026-04-09 09:15:00.050,20260409,91500050,000009.SZ,10338,2,0,9.34,1000
2026-04-09 09:15:00.060,20260409,91500060,000009.SZ,10947,2,0,9.08,500
2026-04-09 09:15:00.060,20260409,91500060,000009.SZ,11652,2,0,9.7,31000
2026-04-09 09:15:00.060,20260409,91500060,000009.SZ,11827,2,0,9.01,100
2026-04-09 09:15:00.060,20260409,91500060,000009.SZ,11970,2,0,9.74,100
2026-04-09 09:15:00.060,20260409,91500060,000009.SZ,11971,2,0,9.68,100
2026-04-09 09:15:00.060,20260409,91500060,000009.SZ,11973,2,0,9.59,100
2026-04-09 09:15:00.060,20260409,91500060,000009.SZ,12002,2,0,9.48,100
2026-04-09 09:15:00.060,20260409,91500060,000009.SZ,12004,2,0,9.39,100
2026-04-09 09:15:00.060,20260409,91500060,000009.SZ,12195,2,0,9.74,100
2026-04-09 09:15:00.060,20260409,91500060,000009.SZ,12267,2,0,9.6,300
2026-04-09 09:15:00.060,20260409,91500060,000009.SZ,12269,2,0,9.73,500
2026-04-09 09:15:00.060,20260409,91500060,000009.SZ,12398,2,0,9.19,1000
2026-04-09 09:15:00.060,20260409,91500060,000009.SZ,12572,2,0,9.74,80000
2026-04-09 09:15:00.060,20260409,91500060,000009.SZ,12843,2,0,9.49,1000
2026-04-09 09:15:00.060,20260409,91500060,000009.SZ,14023,2,0,9.74,1100
2026-04-09 09:15:00.060,20260409,91500060,000009.SZ,15893,2,0,9.3,1100
2026-04-09 09:15:00.060,20260409,91500060,000009.SZ,16043,2,0,9.04,1000
2026-04-09 09:15:00.070,20260409,91500070,000009.SZ,16322,2,0,9.64,1000
2026-04-09 09:15:00.070,20260409,91500070,000009.SZ,16323,2,0,9.74,1000
2026-04-09 09:15:00.070,20260409,91500070,000009.SZ,16787,2,0,9.69,200
2026-04-09 09:15:00.070,20260409,91500070,000009.SZ,17099,2,0,9.74,35000
2026-04-09 09:15:00.070,20260409,91500070,000009.SZ,17553,2,0,9.44,1000
2026-04-09 09:15:00.070,20260409,91500070,000009.SZ,17771,2,0,9.7,1100
2026-04-09 09:15:00.070,20260409,91500070,000009.SZ,17877,2,0,9.7,2300
2026-04-09 09:15:00.070,20260409,91500070,000009.SZ,19336,2,0,9.05,400
2026-04-09 09:15:00.070,20260409,91500070,000009.SZ,19641,2,0,9.66,100
2026-04-09 09:15:00.070,20260409,91500070,000009.SZ,20360,2,0,9.11,1100
2026-04-09 09:15:00.070,20260409,91500070,000009.SZ,20587,2,0,9.73,5000
2026-04-09 09:15:00.080,20260409,91500080,000009.SZ,20711,2,0,9.74,1500
2026-04-09 09:15:00.080,20260409,91500080,000009.SZ,21237,2,0,8.98,600
2026-04-09 09:15:00.080,20260409,91500080,000009.SZ,21330,2,0,9.49,1300
2026-04-09 09:15:00.080,20260409,91500080,000009.SZ,21792,2,0,9.72,300
2026-04-09 09:15:00.080,20260409,91500080,000009.SZ,22024,2,0,9.64,25900
2026-04-09 09:15:00.080,20260409,91500080,000009.SZ,22031,2,0,9.5,10000
2026-04-09 09:15:00.080,20260409,91500080,000009.SZ,22255,1,0,8.5,200
2026-04-09 09:15:00.080,20260409,91500080,000009.SZ,22442,2,0,9.46,600
2026-04-09 09:15:00.080,20260409,91500080,000009.SZ,22744,2,0,9.42,2000
2026-04-09 09:15:00.080,20260409,91500080,000009.SZ,23020,2,0,9.74,1000
2026-04-09 09:15:00.080,20260409,91500080,000009.SZ,23062,1,0,8.7,900
2026-04-09 09:15:00.080,20260409,91500080,000009.SZ,23139,2,0,9.74,400
2026-04-09 09:15:00.080,20260409,91500080,000009.SZ,23174,1,0,8.51,200
2026-04-09 09:15:00.080,20260409,91500080,000009.SZ,23507,2,0,9.74,100
2026-04-09 09:15:00.080,20260409,91500080,000009.SZ,24464,2,0,9.74,15000
2026-04-09 09:15:00.080,20260409,91500080,000009.SZ,24465,2,0,9.29,3500
2026-04-09 09:15:00.080,20260409,91500080,000009.SZ,24466,2,0,9.09,2000
2026-04-09 09:15:00.090,20260409,91500090,000009.SZ,25590,2,0,9.25,5000
2026-04-09 09:15:00.090,20260409,91500090,000009.SZ,25948,2,0,9.05,1000
2026-04-09 09:15:00.090,20260409,91500090,000009.SZ,25949,2,0,9.15,1000
2026-04-09 09:15:00.090,20260409,91500090,000009.SZ,25950,2,0,9.27,1000
2026-04-09 09:15:00.090,20260409,91500090,000009.SZ,26101,2,0,9.7,200
2026-04-09 09:15:00.090,20260409,91500090,000009.SZ,26268,2,0,9.74,5000
2026-04-09 09:15:00.090,20260409,91500090,000009.SZ,26534,2,0,9.2,6000
2026-04-09 09:15:00.090,20260409,91500090,000009.SZ,26535,2,0,9.34,6000
2026-04-09 09:15:00.090,20260409,91500090,000009.SZ,26885,2,0,9.72,600
2026-04-09 09:15:00.090,20260409,91500090,000009.SZ,27522,2,0,9.72,500
2026-04-09 09:15:00.090,20260409,91500090,000009.SZ,28264,2,0,9.72,100
2026-04-09 09:15:00.100,20260409,91500100,000009.SZ,28742,2,0,9.0,500
2026-04-09 09:15:00.100,20260409,91500100,000009.SZ,29305,2,0,9.25,5000
2026-04-09 09:15:00.100,20260409,91500100,000009.SZ,30248,2,0,9.09,1000
2026-04-09 09:15:00.100,20260409,91500100,000009.SZ,30491,2,0,9.74,30000
2026-04-09 09:15:00.100,20260409,91500100,000009.SZ,30492,2,0,9.49,10000
2026-04-09 09:15:00.100,20260409,91500100,000009.SZ,30493,2,0,9.59,10000
2026-04-09 09:15:00.100,20260409,91500100,000009.SZ,30665,2,0,9.37,100
2026-04-09 09:15:00.100,20260409,91500100,000009.SZ,30666,2,0,9.65,100
2026-04-09 09:15:00.100,20260409,91500100,000009.SZ,31464,2,0,9.72,600
2026-04-09 09:15:00.100,20260409,91500100,000009.SZ,31702,2,0,9.17,6400
2026-04-09 09:15:00.110,20260409,91500110,000009.SZ,32765,2,0,9.55,5000
2026-04-09 09:15:00.110,20260409,91500110,000009.SZ,32934,1,0,8.3,100
2026-04-09 09:15:00.110,20260409,91500110,000009.SZ,34081,2,0,9.74,500
2026-04-09 09:15:00.110,20260409,91500110,000009.SZ,34110,2,0,9.5,500
2026-04-09 09:15:00.110,20260409,91500110,000009.SZ,36018,2,0,9.73,100
2026-04-09 09:15:00.110,20260409,91500110,000009.SZ,36146,2,0,9.73,11000
2026-04-09 09:15:00.110,20260409,91500110,000009.SZ,37069,2,0,9.07,1500
2026-04-09 09:15:00.120,20260409,91500120,000009.SZ,38812,2,0,9.12,8000
2026-04-09 09:15:00.120,20260409,91500120,000009.SZ,39260,2,0,9.63,400
2026-04-09 09:15:00.120,20260409,91500120,000009.SZ,41718,2,0,9.15,1000
2026-04-09 09:15:00.130,20260409,91500130,000009.SZ,44240,1,0,8.18,300
2026-04-09 09:15:00.130,20260409,91500130,000009.SZ,44455,2,0,9.69,10000
2026-04-09 09:15:00.130,20260409,91500130,000009.SZ,44570,2,0,9.69,10000
2026-04-09 09:15:00.130,20260409,91500130,000009.SZ,44571,2,0,9.74,10000
2026-04-09 09:15:00.130,20260409,91500130,000009.SZ,44573,1,0,8.43,10000
2026-04-09 09:15:00.130,20260409,91500130,000009.SZ,44574,2,0,9.0,1100
2026-04-09 09:15:00.130,20260409,91500130,000009.SZ,44576,2,0,9.09,1100
2026-04-09 09:15:00.130,20260409,91500130,000009.SZ,44577,2,0,9.19,1100
2026-04-09 09:15:00.130,20260409,91500130,000009.SZ,44578,1,0,8.43,3200
2026-04-09 09:15:00.130,20260409,91500130,000009.SZ,44580,1,0,8.43,10000
2026-04-09 09:15:00.140,20260409,91500140,000009.SZ,46302,2,0,9.74,5000
2026-04-09 09:15:00.140,20260409,91500140,000009.SZ,46632,2,0,9.7,5000
2026-04-09 09:15:00.140,20260409,91500140,000009.SZ,47229,2,0,9.19,500
2026-04-09 09:15:00.140,20260409,91500140,000009.SZ,48361,1,0,8.7,200
2026-04-09 09:15:00.140,20260409,91500140,000009.SZ,48362,1,0,8.55,200
2026-04-09 09:15:00.140,20260409,91500140,000009.SZ,48876,2,0,9.59,1200
2026-04-09 09:15:00.140,20260409,91500140,000009.SZ,49576,2,0,9.73,100
2026-04-09 09:15:00.140,20260409,91500140,000009.SZ,49577,2,0,9.6,100
2026-04-09 09:15:00.140,20260409,91500140,000009.SZ,50159,1,0,8.6,2200
2026-04-09 09:15:00.140,20260409,91500140,000009.SZ,50207,2,0,9.14,2000
2026-04-09 09:15:00.150,20260409,91500150,000009.SZ,50933,2,0,9.09,2300
2026-04-09 09:15:00.150,20260409,91500150,000009.SZ,51542,1,0,8.35,300
2026-04-09 09:15:00.150,20260409,91500150,000009.SZ,51692,1,0,8.0,500
2026-04-09 09:15:00.160,20260409,91500160,000009.SZ,53482,2,0,9.21,4200
2026-04-09 09:15:00.160,20260409,91500160,000009.SZ,53642,2,0,9.74,500
2026-04-09 09:15:00.160,20260409,91500160,000009.SZ,54010,2,0,9.2,5000
2026-04-09 09:15:00.160,20260409,91500160,000009.SZ,54829,2,0,9.73,500
2026-04-09 09:15:00.160,20260409,91500160,000009.SZ,54953,2,0,9.74,500
2026-04-09 09:15:00.160,20260409,91500160,000009.SZ,55271,2,0,9.45,200
2026-04-09 09:15:00.160,20260409,91500160,000009.SZ,55449,2,0,9.42,1800
2026-04-09 09:15:00.170,20260409,91500170,000009.SZ,57843,2,0,9.18,600
2026-04-09 09:15:00.170,20260409,91500170,000009.SZ,57844,2,0,9.58,1000
2026-04-09 09:15:00.170,20260409,91500170,000009.SZ,58089,2,0,9.72,1800
2026-04-09 09:15:00.170,20260409,91500170,000009.SZ,59201,2,0,9.74,2000
2026-04-09 09:15:00.170,20260409,91500170,000009.SZ,59262,2,0,8.92,200
2026-04-09 09:15:00.170,20260409,91500170,000009.SZ,59263,2,0,9.2,200
2026-04-09 09:15:00.170,20260409,91500170,000009.SZ,59494,2,0,8.98,21500
2026-04-09 09:15:00.180,20260409,91500180,000009.SZ,60764,2,0,9.7,500
2026-04-09 09:15:00.180,20260409,91500180,000009.SZ,60766,2,0,9.53,500
2026-04-09 09:15:00.180,20260409,91500180,000009.SZ,61491,2,0,9.11,2000
2026-04-09 09:15:00.180,20260409,91500180,000009.SZ,61492,2,0,8.98,1000
2026-04-09 09:15:00.180,20260409,91500180,000009.SZ,61639,2,0,9.5,600
2026-04-09 09:15:00.180,20260409,91500180,000009.SZ,62232,2,0,9.74,8000
2026-04-09 09:15:00.180,20260409,91500180,000009.SZ,62327,2,0,9.74,10000
2026-04-09 09:15:00.180,20260409,91500180,000009.SZ,62328,2,0,9.74,12000
2026-04-09 09:15:00.180,20260409,91500180,000009.SZ,62329,2,0,9.74,20000
2026-04-09 09:15:00.180,20260409,91500180,000009.SZ,62334,2,0,9.74,20000
2026-04-09 09:15:00.190,20260409,91500190,000009.SZ,64503,2,0,9.29,800
2026-04-09 09:15:00.190,20260409,91500190,000009.SZ,64598,2,0,9.73,1000
2026-04-09 09:15:00.190,20260409,91500190,000009.SZ,65167,2,0,9.7,800
2026-04-09 09:15:00.190,20260409,91500190,000009.SZ,65168,2,0,9.74,800
2026-04-09 09:15:00.190,20260409,91500190,000009.SZ,65569,2,0,9.74,200
2026-04-09 09:15:00.200,20260409,91500200,000009.SZ,67335,2,0,9.59,5000
2026-04-09 09:15:00.200,20260409,91500200,000009.SZ,67732,2,0,9.15,400
2026-04-09 09:15:00.200,20260409,91500200,000009.SZ,68534,2,0,9.72,900
2026-04-09 09:15:00.200,20260409,91500200,000009.SZ,68931,2,0,9.69,2500
2026-04-09 09:15:00.210,20260409,91500210,000009.SZ,70857,2,0,9.09,1000
2026-04-09 09:15:00.210,20260409,91500210,000009.SZ,70858,2,0,9.74,1000
2026-04-09 09:15:00.210,20260409,91500210,000009.SZ,70859,2,0,9.39,1000
2026-04-09 09:15:00.210,20260409,91500210,000009.SZ,71383,2,0,9.6,700
2026-04-09 09:15:00.210,20260409,91500210,000009.SZ,71894,2,0,9.08,2100
2026-04-09 09:15:00.220,20260409,91500220,000009.SZ,72350,2,0,9.69,100
2026-04-09 09:15:00.220,20260409,91500220,000009.SZ,74136,2,0,9.1,4300
2026-04-09 09:15:00.220,20260409,91500220,000009.SZ,74297,1,0,8.6,700
2026-04-09 09:15:00.220,20260409,91500220,000009.SZ,74407,2,0,9.31,20000
2026-04-09 09:15:00.230,20260409,91500230,000009.SZ,74578,2,0,9.0,1000
2026-04-09 09:15:00.230,20260409,91500230,000009.SZ,75122,2,0,9.47,14000
2026-04-09 09:15:00.230,20260409,91500230,000009.SZ,76449,2,0,9.6,2000
2026-04-09 09:15:00.240,20260409,91500240,000009.SZ,76663,2,0,9.0,200
2026-04-09 09:15:00.240,20260409,91500240,000009.SZ,77469,2,0,8.99,5000
2026-04-09 09:15:00.240,20260409,91500240,000009.SZ,78263,2,0,9.4,500
2026-04-09 09:15:00.260,20260409,91500260,000009.SZ,81200,2,0,9.73,3000
2026-04-09 09:15:00.260,20260409,91500260,000009.SZ,81850,2,0,9.73,6400
2026-04-09 09:15:00.260,20260409,91500260,000009.SZ,81886,2,0,9.0,100
2026-04-09 09:15:00.260,20260409,91500260,000009.SZ,82005,1,0,8.44,500
2026-04-09 09:15:00.260,20260409,91500260,000009.SZ,82832,2,0,9.2,1100
2026-04-09 09:15:00.260,20260409,91500260,000009.SZ,82834,2,0,9.15,1100
2026-04-09 09:15:00.260,20260409,91500260,000009.SZ,82835,2,0,9.13,1100
2026-04-09 09:15:00.270,20260409,91500270,000009.SZ,83788,2,0,9.12,2000
2026-04-09 09:15:00.270,20260409,91500270,000009.SZ,83865,2,0,9.0,1000
2026-04-09 09:15:00.270,20260409,91500270,000009.SZ,84034,2,0,9.1,10000
2026-04-09 09:15:00.270,20260409,91500270,000009.SZ,84801,2,0,9.72,500
2026-04-09 09:15:00.270,20260409,91500270,000009.SZ,85179,2,0,9.4,1600
2026-04-09 09:15:00.280,20260409,91500280,000009.SZ,85679,1,0,8.52,7500
2026-04-09 09:15:00.280,20260409,91500280,000009.SZ,86151,2,0,9.74,600
2026-04-09 09:15:00.280,20260409,91500280,000009.SZ,86166,2,0,9.26,600
2026-04-09 09:15:00.290,20260409,91500290,000009.SZ,86825,2,0,9.73,600
2026-04-09 09:15:00.290,20260409,91500290,000009.SZ,87106,2,0,9.73,1100
2026-04-09 09:15:00.290,20260409,91500290,000009.SZ,87107,2,0,9.7,1100
2026-04-09 09:15:00.290,20260409,91500290,000009.SZ,87596,2,0,9.5,100
2026-04-09 09:15:00.290,20260409,91500290,000009.SZ,87597,1,0,8.33,100
2026-04-09 09:15:00.290,20260409,91500290,000009.SZ,88317,1,0,8.21,100
2026-04-09 09:15:00.290,20260409,91500290,000009.SZ,88345,2,0,9.7,2300
2026-04-09 09:15:00.300,20260409,91500300,000009.SZ,88570,2,0,8.94,1000
2026-04-09 09:15:00.300,20260409,91500300,000009.SZ,88571,2,0,8.97,1000
2026-04-09 09:15:00.300,20260409,91500300,000009.SZ,89504,2,0,9.28,6000
2026-04-09 09:15:00.310,20260409,91500310,000009.SZ,90178,2,0,9.74,500
2026-04-09 09:15:00.310,20260409,91500310,000009.SZ,91313,2,0,9.35,600
2026-04-09 09:15:00.320,20260409,91500320,000009.SZ,91583,2,0,9.74,700
2026-04-09 09:15:00.320,20260409,91500320,000009.SZ,92669,1,0,8.8,600
2026-04-09 09:15:00.320,20260409,91500320,000009.SZ,92954,2,0,9.34,100
2026-04-09 09:15:00.320,20260409,91500320,000009.SZ,92955,2,0,8.92,100
2026-04-09 09:15:00.330,20260409,91500330,000009.SZ,93766,2,0,9.73,500
2026-04-09 09:15:00.330,20260409,91500330,000009.SZ,94282,1,0,8.54,700
2026-04-09 09:15:00.350,20260409,91500350,000009.SZ,96591,1,0,8.38,1000
2026-04-09 09:15:00.350,20260409,91500350,000009.SZ,96845,2,0,8.98,600
2026-04-09 09:15:00.360,20260409,91500360,000009.SZ,97169,2,0,9.26,600
2026-04-09 09:15:00.360,20260409,91500360,000009.SZ,97440,1,0,8.6,1100
2026-04-09 09:15:00.380,20260409,91500380,000009.SZ,99142,2,0,9.74,500
2026-04-09 09:15:00.380,20260409,91500380,000009.SZ,99225,2,0,9.58,500
2026-04-09 09:15:00.400,20260409,91500400,000009.SZ,101003,2,0,9.6,2300
2026-04-09 09:15:00.400,20260409,91500400,000009.SZ,101105,2,0,9.6,600
2026-04-09 09:15:00.400,20260409,91500400,000009.SZ,102068,2,0,9.19,7000
2026-04-09 09:15:00.400,20260409,91500400,000009.SZ,102160,2,0,9.04,2800
2026-04-09 09:15:00.420,20260409,91500420,000009.SZ,103596,2,0,9.66,2600
2026-04-09 09:15:00.420,20260409,91500420,000009.SZ,103598,2,0,9.66,2600
2026-04-09 09:15:00.420,20260409,91500420,000009.SZ,103906,1,0,8.85,400
2026-04-09 09:15:00.420,20260409,91500420,000009.SZ,104272,2,0,9.15,300
2026-04-09 09:15:00.420,20260409,91500420,000009.SZ,104273,2,0,9.5,500
2026-04-09 09:15:00.420,20260409,91500420,000009.SZ,104274,2,0,9.74,500
2026-04-09 09:15:00.450,20260409,91500450,000009.SZ,107074,1,0,8.76,1000
2026-04-09 09:15:00.460,20260409,91500460,000009.SZ,107832,2,0,9.42,2000
2026-04-09 09:15:00.460,20260409,91500460,000009.SZ,108144,2,0,9.74,20500
2026-04-09 09:15:00.460,20260409,91500460,000009.SZ,108519,1,0,8.5,500
2026-04-09 09:15:00.470,20260409,91500470,000009.SZ,108783,2,0,9.74,100
2026-04-09 09:15:00.470,20260409,91500470,000009.SZ,109078,2,0,9.64,300
2026-04-09 09:15:00.480,20260409,91500480,000009.SZ,109865,2,0,9.74,1000
2026-04-09 09:15:00.490,20260409,91500490,000009.SZ,110692,1,0,8.6,1000
2026-04-09 09:15:00.490,20260409,91500490,000009.SZ,110693,1,0,8.7,1000
2026-04-09 09:15:00.490,20260409,91500490,000009.SZ,110694,2,0,9.23,1000
2026-04-09 09:15:00.490,20260409,91500490,000009.SZ,110695,2,0,9.33,2000
2026-04-09 09:15:00.500,20260409,91500500,000009.SZ,111727,1,0,8.48,1200
2026-04-09 09:15:00.500,20260409,91500500,000009.SZ,112032,2,0,9.0,1300
2026-04-09 09:15:00.510,20260409,91500510,000009.SZ,113118,2,0,9.5,1000
2026-04-09 09:15:00.520,20260409,91500520,000009.SZ,113568,2,0,9.26,1100
2026-04-09 09:15:00.520,20260409,91500520,000009.SZ,113866,2,0,9.25,100
2026-04-09 09:15:00.520,20260409,91500520,000009.SZ,114137,2,0,9.35,100
2026-04-09 09:15:00.520,20260409,91500520,000009.SZ,114239,2,0,9.0,500
2026-04-09 09:15:00.520,20260409,91500520,000009.SZ,114437,2,0,9.71,1000
2026-04-09 09:15:00.530,20260409,91500530,000009.SZ,114948,2,0,9.25,200
2026-04-09 09:15:00.530,20260409,91500530,000009.SZ,115030,2,0,8.95,500
2026-04-09 09:15:00.530,20260409,91500530,000009.SZ,115031,2,0,9.74,2000
2026-04-09 09:15:00.530,20260409,91500530,000009.SZ,115032,2,0,9.07,500
2026-04-09 09:15:00.530,20260409,91500530,000009.SZ,115033,2,0,9.27,500
2026-04-09 09:15:00.530,20260409,91500530,000009.SZ,115045,1,0,8.85,200
2026-04-09 09:15:00.530,20260409,91500530,000009.SZ,115114,2,0,9.2,4300
2026-04-09 09:15:00.540,20260409,91500540,000009.SZ,115666,1,0,8.61,5000
2026-04-09 09:15:00.540,20260409,91500540,000009.SZ,115975,2,0,9.09,500
2026-04-09 09:15:00.560,20260409,91500560,000009.SZ,117792,2,0,9.28,1000
2026-04-09 09:15:00.560,20260409,91500560,000009.SZ,117793,2,0,9.35,1000
2026-04-09 09:15:00.560,20260409,91500560,000009.SZ,117794,2,0,9.74,1500
2026-04-09 09:15:00.570,20260409,91500570,000009.SZ,119003,2,0,9.74,200
2026-04-09 09:15:00.580,20260409,91500580,000009.SZ,119249,1,0,8.58,800
2026-04-09 09:15:00.590,20260409,91500590,000009.SZ,120075,2,0,9.73,2000
2026-04-09 09:15:00.590,20260409,91500590,000009.SZ,120227,2,0,9.6,300
2026-04-09 09:15:00.590,20260409,91500590,000009.SZ,120228,2,0,9.73,400
2026-04-09 09:15:00.600,20260409,91500600,000009.SZ,120437,2,0,8.95,1000
2026-04-09 09:15:00.600,20260409,91500600,000009.SZ,120523,2,0,9.1,100
2026-04-09 09:15:00.600,20260409,91500600,000009.SZ,120677,1,0,8.1,400
2026-04-09 09:15:00.600,20260409,91500600,000009.SZ,120964,2,0,9.36,1000
2026-04-09 09:15:00.610,20260409,91500610,000009.SZ,122013,2,0,9.74,100
2026-04-09 09:15:00.620,20260409,91500620,000009.SZ,122734,2,0,9.7,400
2026-04-09 09:15:00.630,20260409,91500630,000009.SZ,123036,1,0,8.5,300
2026-04-09 09:15:00.630,20260409,91500630,000009.SZ,123084,2,0,9.33,2000
2026-04-09 09:15:00.630,20260409,91500630,000009.SZ,123118,1,0,8.44,2000
2026-04-09 09:15:00.640,20260409,91500640,000009.SZ,124606,2,0,9.72,1000
2026-04-09 09:15:00.650,20260409,91500650,000009.SZ,124770,2,0,9.05,300
2026-04-09 09:15:00.660,20260409,91500660,000009.SZ,125638,2,0,9.25,300
2026-04-09 09:15:00.660,20260409,91500660,000009.SZ,125639,2,0,9.73,600
2026-04-09 09:15:00.660,20260409,91500660,000009.SZ,125966,2,0,9.2,3000
2026-04-09 09:15:00.670,20260409,91500670,000009.SZ,126572,2,0,9.15,2900
2026-04-09 09:15:00.670,20260409,91500670,000009.SZ,126746,2,0,9.43,3000
2026-04-09 09:15:00.670,20260409,91500670,000009.SZ,126897,2,0,9.7,300
2026-04-09 09:15:00.680,20260409,91500680,000009.SZ,127050,2,0,8.96,600
2026-04-09 09:15:00.700,20260409,91500700,000009.SZ,128869,2,0,9.03,1000
2026-04-09 09:15:00.700,20260409,91500700,000009.SZ,128880,2,0,9.3,5800
2026-04-09 09:15:00.700,20260409,91500700,000009.SZ,128953,1,0,8.75,6100
2026-04-09 09:15:00.710,20260409,91500710,000009.SZ,129684,2,0,9.68,1000
2026-04-09 09:15:00.730,20260409,91500730,000009.SZ,131071,2,0,9.08,1000
2026-04-09 09:15:00.740,20260409,91500740,000009.SZ,131658,2,0,9.36,1400
2026-04-09 09:15:00.740,20260409,91500740,000009.SZ,131838,2,0,8.98,1500
2026-04-09 09:15:00.740,20260409,91500740,000009.SZ,131906,1,0,8.71,200
2026-04-09 09:15:00.750,20260409,91500750,000009.SZ,132631,1,0,8.65,2400
2026-04-09 09:15:00.770,20260409,91500770,000009.SZ,134512,2,0,9.01,200
2026-04-09 09:15:00.770,20260409,91500770,000009.SZ,134690,2,0,9.03,400
2026-04-09 09:15:00.780,20260409,91500780,000009.SZ,135374,2,0,9.2,100
2026-04-09 09:15:00.780,20260409,91500780,000009.SZ,135392,2,0,9.58,1400
2026-04-09 09:15:00.780,20260409,91500780,000009.SZ,135882,1,0,8.65,800
2026-04-09 09:15:00.800,20260409,91500800,000009.SZ,137476,1,0,8.7,100
2026-04-09 09:15:00.800,20260409,91500800,000009.SZ,137588,2,0,9.7,2600
2026-04-09 09:15:00.800,20260409,91500800,000009.SZ,137779,2,0,9.74,700
2026-04-09 09:15:00.800,20260409,91500800,000009.SZ,137931,2,0,8.88,5000
2026-04-09 09:15:00.800,20260409,91500800,000009.SZ,137932,2,0,8.98,5000
2026-04-09 09:15:00.800,20260409,91500800,000009.SZ,137933,2,0,9.08,5000
2026-04-09 09:15:00.810,20260409,91500810,000009.SZ,139296,2,0,9.07,3000
2026-04-09 09:15:00.820,20260409,91500820,000009.SZ,139568,2,0,9.13,5300
2026-04-09 09:15:00.830,20260409,91500830,000009.SZ,140503,2,0,9.7,1000
2026-04-09 09:15:00.830,20260409,91500830,000009.SZ,140723,2,0,9.47,100
2026-04-09 09:15:00.830,20260409,91500830,000009.SZ,140745,2,0,9.74,100
2026-04-09 09:15:00.850,20260409,91500850,000009.SZ,142672,2,0,9.5,100
2026-04-09 09:15:00.850,20260409,91500850,000009.SZ,142785,2,0,8.99,600
2026-04-09 09:15:00.860,20260409,91500860,000009.SZ,143299,2,0,9.6,300
2026-04-09 09:15:00.860,20260409,91500860,000009.SZ,143300,2,0,9.73,500
2026-04-09 09:15:00.870,20260409,91500870,000009.SZ,144100,2,0,9.74,1400
2026-04-09 09:15:00.870,20260409,91500870,000009.SZ,144378,2,0,9.72,300
2026-04-09 09:15:00.880,20260409,91500880,000009.SZ,145058,2,0,9.43,106
2026-04-09 09:15:00.880,20260409,91500880,000009.SZ,145232,1,0,8.24,100
2026-04-09 09:15:00.890,20260409,91500890,000009.SZ,145657,1,0,8.85,200
2026-04-09 09:15:00.910,20260409,91500910,000009.SZ,146882,2,0,9.74,2000
2026-04-09 09:15:00.910,20260409,91500910,000009.SZ,146884,2,0,9.29,1000
2026-04-09 09:15:00.920,20260409,91500920,000009.SZ,147221,2,0,9.69,500
2026-04-09 09:15:00.920,20260409,91500920,000009.SZ,147716,2,0,9.27,18000
2026-04-09 09:15:00.920,20260409,91500920,000009.SZ,147830,2,0,9.41,200
2026-04-09 09:15:00.930,20260409,91500930,000009.SZ,147857,2,0,9.03,6100
2026-04-09 09:15:00.930,20260409,91500930,000009.SZ,148563,2,0,9.39,5000
2026-04-09 09:15:00.930,20260409,91500930,000009.SZ,148728,2,0,9.58,1000
2026-04-09 09:15:00.930,20260409,91500930,000009.SZ,148870,2,0,9.71,600
2026-04-09 09:15:00.940,20260409,91500940,000009.SZ,149293,2,0,9.73,400
2026-04-09 09:15:00.940,20260409,91500940,000009.SZ,149294,2,0,9.6,300
2026-04-09 09:15:00.940,20260409,91500940,000009.SZ,149366,2,0,9.73,2000
2026-04-09 09:15:00.940,20260409,91500940,000009.SZ,149631,2,0,9.29,100
2026-04-09 09:15:00.940,20260409,91500940,000009.SZ,149632,1,0,8.47,200
2026-04-09 09:15:00.950,20260409,91500950,000009.SZ,150011,2,0,9.74,1000
2026-04-09 09:15:00.950,20260409,91500950,000009.SZ,150024,1,0,8.41,500
2026-04-09 09:15:00.960,20260409,91500960,000009.SZ,150763,2,0,9.32,1100
2026-04-09 09:15:00.960,20260409,91500960,000009.SZ,150778,2,0,9.73,2000
2026-04-09 09:15:00.960,20260409,91500960,000009.SZ,151159,2,0,9.74,2000
2026-04-09 09:15:00.960,20260409,91500960,000009.SZ,151167,2,0,9.16,1000
2026-04-09 09:15:00.970,20260409,91500970,000009.SZ,151589,2,0,9.13,5600
2026-04-09 09:15:00.970,20260409,91500970,000009.SZ,151803,1,0,8.72,4000
2026-04-09 09:15:00.980,20260409,91500980,000009.SZ,152017,1,0,8.42,300
2026-04-09 09:15:00.980,20260409,91500980,000009.SZ,152465,2,0,9.68,500
2026-04-09 09:15:00.990,20260409,91500990,000009.SZ,152967,2,0,9.0,500
2026-04-09 09:15:01.000,20260409,91501000,000009.SZ,153430,2,0,9.13,4500
2026-04-09 09:15:01.000,20260409,91501000,000009.SZ,153444,2,0,9.56,2000
2026-04-09 09:15:01.000,20260409,91501000,000009.SZ,153627,1,0,8.47,1200
2026-04-09 09:15:01.020,20260409,91501020,000009.SZ,155562,1,0,8.1,500
2026-04-09 09:15:01.030,20260409,91501030,000009.SZ,156323,2,0,8.93,2000
2026-04-09 09:15:01.030,20260409,91501030,000009.SZ,156398,2,0,9.35,6000
2026-04-09 09:15:01.040,20260409,91501040,000009.SZ,156580,2,0,9.12,500
2026-04-09 09:15:01.040,20260409,91501040,000009.SZ,156665,2,0,9.3,1000
2026-04-09 09:15:01.040,20260409,91501040,000009.SZ,157111,1,0,8.2,100
2026-04-09 09:15:01.040,20260409,91501040,000009.SZ,157234,2,0,9.16,1500
2026-04-09 09:15:01.050,20260409,91501050,000009.SZ,157851,2,0,9.6,300
2026-04-09 09:15:01.050,20260409,91501050,000009.SZ,157852,2,0,9.73,500
2026-04-09 09:15:01.050,20260409,91501050,000009.SZ,157886,2,0,9.73,500
2026-04-09 09:15:01.060,20260409,91501060,000009.SZ,158445,2,0,9.7,2000
2026-04-09 09:15:01.060,20260409,91501060,000009.SZ,158446,1,0,8.2,1000
2026-04-09 09:15:01.070,20260409,91501070,000009.SZ,159620,1,0,8.65,800
2026-04-09 09:15:01.090,20260409,91501090,000009.SZ,161570,2,0,9.58,2000
2026-04-09 09:15:01.100,20260409,91501100,000009.SZ,162246,2,0,7.97,100
2026-04-09 09:15:01.100,20260409,91501100,000009.SZ,162278,2,0,8.84,100
2026-04-09 09:15:01.110,20260409,91501110,000009.SZ,163463,2,0,9.25,1700
2026-04-09 09:15:01.120,20260409,91501120,000009.SZ,163601,1,0,8.6,10000
2026-04-09 09:15:01.130,20260409,91501130,000009.SZ,164447,2,0,9.74,2000
2026-04-09 09:15:01.140,20260409,91501140,000009.SZ,165161,2,0,9.16,1700
2026-04-09 09:15:01.150,20260409,91501150,000009.SZ,165476,2,0,8.84,107200
2026-04-09 09:15:01.150,20260409,91501150,000009.SZ,165528,2,0,9.35,200
2026-04-09 09:15:01.150,20260409,91501150,000009.SZ,165896,2,0,9.71,400
2026-04-09 09:15:01.150,20260409,91501150,000009.SZ,165897,1,0,8.64,400
2026-04-09 09:15:01.150,20260409,91501150,000009.SZ,165898,1,0,8.71,200
2026-04-09 09:15:01.160,20260409,91501160,000009.SZ,166109,2,0,9.35,500
2026-04-09 09:15:01.200,20260409,91501200,000009.SZ,168075,2,0,9.71,200
2026-04-09 09:15:01.200,20260409,91501200,000009.SZ,168077,2,0,9.51,200
2026-04-09 09:15:01.210,20260409,91501210,000009.SZ,168458,1,0,8.09,800
2026-04-09 09:15:01.210,20260409,91501210,000009.SZ,168459,1,0,8.29,800
2026-04-09 09:15:01.220,20260409,91501220,000009.SZ,169089,2,0,9.07,1000
2026-04-09 09:15:01.220,20260409,91501220,000009.SZ,169090,1,0,8.61,2000
2026-04-09 09:15:01.240,20260409,91501240,000009.SZ,169937,1,0,8.58,4800
2026-04-09 09:15:01.240,20260409,91501240,000009.SZ,169957,1,0,8.4,4900
2026-04-09 09:15:01.250,20260409,91501250,000009.SZ,170323,2,0,9.63,2900
2026-04-09 09:15:01.270,20260409,91501270,000009.SZ,171521,2,0,9.15,3500
2026-04-09 09:15:01.280,20260409,91501280,000009.SZ,172411,2,0,9.74,100
2026-04-09 09:15:01.280,20260409,91501280,000009.SZ,172412,2,0,9.46,100
2026-04-09 09:15:01.280,20260409,91501280,000009.SZ,172774,2,0,9.74,500
2026-04-09 09:15:01.280,20260409,91501280,000009.SZ,172925,1,0,7.97,2000
2026-04-09 09:15:01.290,20260409,91501290,000009.SZ,173341,1,0,8.01,3000
2026-04-09 09:15:01.290,20260409,91501290,000009.SZ,173353,1,0,8.65,10000
2026-04-09 09:15:01.290,20260409,91501290,000009.SZ,173640,1,0,8.38,2000
2026-04-09 09:15:01.320,20260409,91501320,000009.SZ,174934,2,0,9.7,700
2026-04-09 09:15:01.350,20260409,91501350,000009.SZ,176330,2,0,9.14,6000
2026-04-09 09:15:01.350,20260409,91501350,000009.SZ,176502,2,0,9.04,100
2026-04-09 09:15:01.350,20260409,91501350,000009.SZ,176503,2,0,9.18,200
2026-04-09 09:15:01.350,20260409,91501350,000009.SZ,176505,2,0,9.32,100
2026-04-09 09:15:01.350,20260409,91501350,000009.SZ,176506,2,0,9.48,100
2026-04-09 09:15:01.350,20260409,91501350,000009.SZ,176507,2,0,9.56,200
2026-04-09 09:15:01.350,20260409,91501350,000009.SZ,176508,2,0,9.64,200
2026-04-09 09:15:01.350,20260409,91501350,000009.SZ,176509,2,0,9.74,200
2026-04-09 09:15:01.370,20260409,91501370,000009.SZ,177216,2,0,9.31,9000
2026-04-09 09:15:01.370,20260409,91501370,000009.SZ,177278,2,0,9.31,9000
2026-04-09 09:15:01.370,20260409,91501370,000009.SZ,177312,2,0,9.31,10700
2026-04-09 09:15:01.370,20260409,91501370,000009.SZ,177475,2,0,9.6,200
2026-04-09 09:15:01.430,20260409,91501430,000009.SZ,180101,2,0,9.39,3500
2026-04-09 09:15:01.460,20260409,91501460,000009.SZ,181566,1,0,8.18,500
2026-04-09 09:15:01.480,20260409,91501480,000009.SZ,182498,1,0,8.23,500
2026-04-09 09:15:01.500,20260409,91501500,000009.SZ,183750,1,0,8.45,500
2026-04-09 09:15:01.510,20260409,91501510,000009.SZ,183952,2,0,9.0,1000
2026-04-09 09:15:01.510,20260409,91501510,000009.SZ,183966,2,0,9.5,1000
2026-04-09 09:15:01.510,20260409,91501510,000009.SZ,183969,2,0,9.2,1600
2026-04-09 09:15:01.520,20260409,91501520,000009.SZ,184429,1,0,8.4,100
2026-04-09 09:15:01.530,20260409,91501530,000009.SZ,184626,2,0,9.74,1000
2026-04-09 09:15:01.530,20260409,91501530,000009.SZ,184891,2,0,9.58,4000
2026-04-09 09:15:01.550,20260409,91501550,000009.SZ,185718,2,0,9.1,4800
2026-04-09 09:15:01.590,20260409,91501590,000009.SZ,186693,2,0,9.35,400
2026-04-09 09:15:01.600,20260409,91501600,000009.SZ,186886,2,0,9.0,100
2026-04-09 09:15:01.610,20260409,91501610,000009.SZ,187170,2,0,9.4,100
2026-04-09 09:15:01.620,20260409,91501620,000009.SZ,187608,2,0,7.97,700
2026-04-09 09:15:01.630,20260409,91501630,000009.SZ,187656,1,0,8.4,800
2026-04-09 09:15:01.650,20260409,91501650,000009.SZ,188442,2,0,9.02,1100
2026-04-09 09:15:01.650,20260409,91501650,000009.SZ,188536,2,0,9.33,4500
2026-04-09 09:15:01.650,20260409,91501650,000009.SZ,188537,2,0,9.65,4100
2026-04-09 09:15:01.660,20260409,91501660,000009.SZ,188931,2,0,9.0,3000
2026-04-09 09:15:01.660,20260409,91501660,000009.SZ,188932,2,0,9.09,3000
2026-04-09 09:15:01.690,20260409,91501690,000009.SZ,190059,2,0,9.71,100
2026-04-09 09:15:01.710,20260409,91501710,000009.SZ,190435,2,0,9.35,1000
2026-04-09 09:15:01.730,20260409,91501730,000009.SZ,190867,2,0,9.0,600
2026-04-09 09:15:01.730,20260409,91501730,000009.SZ,190914,2,0,9.08,500
2026-04-09 09:15:01.740,20260409,91501740,000009.SZ,191377,2,0,9.74,1500
2026-04-09 09:15:01.760,20260409,91501760,000009.SZ,192590,2,0,9.68,400
2026-04-09 09:15:01.760,20260409,91501760,000009.SZ,192671,2,0,9.6,1500
2026-04-09 09:15:01.770,20260409,91501770,000009.SZ,193376,2,0,9.07,200
2026-04-09 09:15:01.780,20260409,91501780,000009.SZ,193810,1,0,8.41,1000
2026-04-09 09:15:01.800,20260409,91501800,000009.SZ,194671,2,0,9.74,1700
2026-04-09 09:15:01.820,20260409,91501820,000009.SZ,195782,2,0,9.7,1600
2026-04-09 09:15:01.820,20260409,91501820,000009.SZ,195937,2,0,9.73,2000
2026-04-09 09:15:01.820,20260409,91501820,000009.SZ,196014,2,0,8.99,800
2026-04-09 09:15:01.840,20260409,91501840,000009.SZ,196957,2,0,9.19,1800
2026-04-09 09:15:01.840,20260409,91501840,000009.SZ,196959,2,0,9.32,1700
2026-04-09 09:15:01.840,20260409,91501840,000009.SZ,196960,2,0,9.44,1700
2026-04-09 09:15:01.840,20260409,91501840,000009.SZ,196962,2,0,9.55,1700
2026-04-09 09:15:01.840,20260409,91501840,000009.SZ,196963,2,0,9.65,1700
2026-04-09 09:15:01.840,20260409,91501840,000009.SZ,196965,2,0,9.74,1700
2026-04-09 09:15:01.850,20260409,91501850,000009.SZ,197143,2,0,9.53,2000
2026-04-09 09:15:01.850,20260409,91501850,000009.SZ,197645,2,0,9.5,1700
2026-04-09 09:15:01.880,20260409,91501880,000009.SZ,198762,2,0,8.99,600
2026-04-09 09:15:01.900,20260409,91501900,000009.SZ,199539,2,0,9.6,300
2026-04-09 09:15:01.900,20260409,91501900,000009.SZ,199541,2,0,9.73,500
2026-04-09 09:15:01.900,20260409,91501900,000009.SZ,199545,1,0,7.97,500
2026-04-09 09:15:01.900,20260409,91501900,000009.SZ,199632,2,0,9.58,3700
2026-04-09 09:15:01.930,20260409,91501930,000009.SZ,200674,1,0,8.56,10000
2026-04-09 09:15:01.930,20260409,91501930,000009.SZ,200953,2,0,9.74,2800
2026-04-09 09:15:01.940,20260409,91501940,000009.SZ,201253,2,0,9.66,1500
2026-04-09 09:15:01.960,20260409,91501960,000009.SZ,202130,2,0,9.53,200
2026-04-09 09:15:01.960,20260409,91501960,000009.SZ,202190,2,0,9.51,700
2026-04-09 09:15:01.960,20260409,91501960,000009.SZ,202465,1,0,8.85,100
2026-04-09 09:15:01.970,20260409,91501970,000009.SZ,202850,2,0,8.91,1000
2026-04-09 09:15:01.970,20260409,91501970,000009.SZ,202851,2,0,8.95,1000
2026-04-09 09:15:01.970,20260409,91501970,000009.SZ,203139,1,0,8.01,200
2026-04-09 09:15:01.970,20260409,91501970,000009.SZ,203350,2,0,9.2,1000
2026-04-09 09:15:02.000,20260409,91502000,000009.SZ,204774,2,0,9.74,400
2026-04-09 09:15:02.000,20260409,91502000,000009.SZ,205001,2,0,9.19,4000
2026-04-09 09:15:02.000,20260409,91502000,000009.SZ,205054,2,0,9.18,5000
2026-04-09 09:15:02.010,20260409,91502010,000009.SZ,205680,2,0,9.13,1600
2026-04-09 09:15:02.020,20260409,91502020,000009.SZ,205957,2,0,8.89,1400
2026-04-09 09:15:02.030,20260409,91502030,000009.SZ,206444,2,0,9.25,14500
2026-04-09 09:15:02.050,20260409,91502050,000009.SZ,207502,2,0,9.45,600
2026-04-09 09:15:02.060,20260409,91502060,000009.SZ,208256,2,0,8.95,10000
2026-04-09 09:15:02.060,20260409,91502060,000009.SZ,208257,2,0,9.18,10000
2026-04-09 09:15:02.060,20260409,91502060,000009.SZ,208258,2,0,9.66,20000
2026-04-09 09:15:02.060,20260409,91502060,000009.SZ,208365,2,0,9.05,400
2026-04-09 09:15:02.060,20260409,91502060,000009.SZ,208525,2,0,9.18,600
2026-04-09 09:15:02.070,20260409,91502070,000009.SZ,209295,1,0,8.86,2000
2026-04-09 09:15:02.080,20260409,91502080,000009.SZ,209360,2,0,9.06,300
2026-04-09 09:15:02.080,20260409,91502080,000009.SZ,209699,2,0,9.74,1600
2026-04-09 09:15:02.090,20260409,91502090,000009.SZ,210724,1,0,8.72,400
2026-04-09 09:15:02.110,20260409,91502110,000009.SZ,211971,2,0,9.05,400
2026-04-09 09:15:02.120,20260409,91502120,000009.SZ,212192,1,0,8.6,500
2026-04-09 09:15:02.120,20260409,91502120,000009.SZ,212202,2,0,9.13,1000
2026-04-09 09:15:02.120,20260409,91502120,000009.SZ,212209,2,0,9.18,2000
2026-04-09 09:15:02.130,20260409,91502130,000009.SZ,212866,1,0,8.7,2600
2026-04-09 09:15:02.160,20260409,91502160,000009.SZ,214099,1,0,8.85,1200
2026-04-09 09:15:02.200,20260409,91502200,000009.SZ,215020,2,0,9.74,2500
2026-04-09 09:15:02.200,20260409,91502200,000009.SZ,215137,2,0,8.92,200
2026-04-09 09:15:02.250,20260409,91502250,000009.SZ,216592,2,0,8.9,800
2026-04-09 09:15:02.250,20260409,91502250,000009.SZ,216729,2,0,8.93,1000
2026-04-09 09:15:02.250,20260409,91502250,000009.SZ,216948,1,0,8.52,1200
2026-04-09 09:15:02.260,20260409,91502260,000009.SZ,217193,1,0,8.75,100
2026-04-09 09:15:02.280,20260409,91502280,000009.SZ,218225,2,0,9.7,600
2026-04-09 09:15:02.340,20260409,91502340,000009.SZ,220541,1,0,8.58,100
2026-04-09 09:15:02.360,20260409,91502360,000009.SZ,221098,2,0,9.3,2000
2026-04-09 09:15:02.390,20260409,91502390,000009.SZ,222210,2,0,9.74,30000
2026-04-09 09:15:02.400,20260409,91502400,000009.SZ,222293,2,0,9.0,2000
2026-04-09 09:15:02.400,20260409,91502400,000009.SZ,222315,2,0,9.2,3000
2026-04-09 09:15:02.400,20260409,91502400,000009.SZ,222331,2,0,9.4,3000
2026-04-09 09:15:02.400,20260409,91502400,000009.SZ,222355,2,0,9.6,3000
2026-04-09 09:15:02.400,20260409,91502400,000009.SZ,222365,2,0,9.1,2000
2026-04-09 09:15:02.400,20260409,91502400,000009.SZ,222371,2,0,9.3,3000
2026-04-09 09:15:02.400,20260409,91502400,000009.SZ,222383,2,0,9.5,3000
2026-04-09 09:15:02.410,20260409,91502410,000009.SZ,222794,2,0,9.74,37700
2026-04-09 09:15:02.420,20260409,91502420,000009.SZ,222992,1,0,8.52,25700
2026-04-09 09:15:02.450,20260409,91502450,000009.SZ,223899,2,0,9.1,1000
2026-04-09 09:15:02.450,20260409,91502450,000009.SZ,223900,2,0,8.85,200
2026-04-09 09:15:02.460,20260409,91502460,000009.SZ,224047,2,0,9.74,210800
2026-04-09 09:15:02.470,20260409,91502470,000009.SZ,224362,2,0,9.14,2800
2026-04-09 09:15:02.470,20260409,91502470,000009.SZ,224396,2,0,9.25,10000
2026-04-09 09:15:02.510,20260409,91502510,000009.SZ,224910,2,0,9.74,196800
2026-04-09 09:15:02.520,20260409,91502520,000009.SZ,225311,1,0,8.5,3000
2026-04-09 09:15:02.520,20260409,91502520,000009.SZ,225546,2,0,8.97,300
2026-04-09 09:15:02.540,20260409,91502540,000009.SZ,226025,2,0,9.74,5000
2026-04-09 09:15:02.600,20260409,91502600,000009.SZ,227462,2,0,9.74,3000
2026-04-09 09:15:02.630,20260409,91502630,000009.SZ,228175,1,0,8.0,2500
2026-04-09 09:15:02.650,20260409,91502650,000009.SZ,228716,2,0,9.0,12500
2026-04-09 09:15:02.650,20260409,91502650,000009.SZ,228742,2,0,8.99,1000
2026-04-09 09:15:02.660,20260409,91502660,000009.SZ,229117,2,0,9.7,5000
2026-04-09 09:15:02.680,20260409,91502680,000009.SZ,229673,2,0,9.12,2000
2026-04-09 09:15:02.690,20260409,91502690,000009.SZ,229888,1,0,8.52,5000
2026-04-09 09:15:02.690,20260409,91502690,000009.SZ,229948,2,0,9.35,4200
2026-04-09 09:15:02.700,20260409,91502700,000009.SZ,230079,2,0,9.72,1000
2026-04-09 09:15:02.730,20260409,91502730,000009.SZ,230532,2,0,9.46,2000
2026-04-09 09:15:02.780,20260409,91502780,000009.SZ,232310,2,0,9.74,2100
2026-04-09 09:15:02.800,20260409,91502800,000009.SZ,232694,2,0,9.5,2000
2026-04-09 09:15:02.810,20260409,91502810,000009.SZ,233045,1,0,8.68,400
2026-04-09 09:15:02.820,20260409,91502820,000009.SZ,233280,2,0,9.5,8000
2026-04-09 09:15:02.820,20260409,91502820,000009.SZ,233292,2,0,9.15,100
2026-04-09 09:15:02.840,20260409,91502840,000009.SZ,233664,2,0,8.84,600
2026-04-09 09:15:02.850,20260409,91502850,000009.SZ,234203,1,0,8.4,400
2026-04-09 09:15:02.850,20260409,91502850,000009.SZ,234240,1,0,8.5,500
2026-04-09 09:15:02.860,20260409,91502860,000009.SZ,234370,2,0,8.99,1200
2026-04-09 09:15:02.880,20260409,91502880,000009.SZ,234994,1,0,8.5,97800
2026-04-09 09:15:02.910,20260409,91502910,000009.SZ,236115,2,0,9.44,900
2026-04-09 09:15:02.940,20260409,91502940,000009.SZ,236679,2,0,9.74,3000
2026-04-09 09:15:02.970,20260409,91502970,000009.SZ,237788,2,0,9.1,1500
2026-04-09 09:15:02.980,20260409,91502980,000009.SZ,238103,2,0,9.73,300
2026-04-09 09:15:03.080,20260409,91503080,000009.SZ,240945,2,0,9.74,200
2026-04-09 09:15:03.110,20260409,91503110,000009.SZ,241848,2,0,9.72,2000
2026-04-09 09:15:03.120,20260409,91503120,000009.SZ,242036,2,0,9.29,200
2026-04-09 09:15:03.130,20260409,91503130,000009.SZ,242201,1,0,8.5,100
2026-04-09 09:15:03.130,20260409,91503130,000009.SZ,242202,2,0,9.0,100
2026-04-09 09:15:03.130,20260409,91503130,000009.SZ,242203,2,0,9.25,100
2026-04-09 09:15:03.140,20260409,91503140,000009.SZ,242463,1,0,8.4,100
2026-04-09 09:15:03.140,20260409,91503140,000009.SZ,242513,2,0,9.74,4500
2026-04-09 09:15:03.190,20260409,91503190,000009.SZ,243285,2,0,9.18,500
2026-04-09 09:15:03.190,20260409,91503190,000009.SZ,243289,2,0,9.33,600
2026-04-09 09:15:03.190,20260409,91503190,000009.SZ,243298,2,0,9.74,2200
2026-04-09 09:15:03.190,20260409,91503190,000009.SZ,243300,2,0,9.66,800
2026-04-09 09:15:03.190,20260409,91503190,000009.SZ,243303,1,0,8.61,400
2026-04-09 09:15:03.200,20260409,91503200,000009.SZ,243346,2,0,9.73,2500
2026-04-09 09:15:03.240,20260409,91503240,000009.SZ,243772,2,0,9.33,200
2026-04-09 09:15:03.260,20260409,91503260,000009.SZ,244248,2,0,9.24,200
2026-04-09 09:15:03.280,20260409,91503280,000009.SZ,244661,2,0,9.03,100
2026-04-09 09:15:03.280,20260409,91503280,000009.SZ,244662,2,0,9.72,100
2026-04-09 09:15:03.290,20260409,91503290,000009.SZ,245096,2,0,9.34,100
2026-04-09 09:15:03.290,20260409,91503290,000009.SZ,245323,2,0,9.17,2000
2026-04-09 09:15:03.310,20260409,91503310,000009.SZ,245652,1,0,8.75,7000
2026-04-09 09:15:03.360,20260409,91503360,000009.SZ,246600,2,0,9.64,3300
2026-04-09 09:15:03.430,20260409,91503430,000009.SZ,247724,2,0,9.15,1000
2026-04-09 09:15:03.480,20260409,91503480,000009.SZ,248298,1,0,8.0,100
2026-04-09 09:15:03.590,20260409,91503590,000009.SZ,249439,2,0,9.74,100
2026-04-09 09:15:03.760,20260409,91503760,000009.SZ,251701,2,0,9.06,2200
2026-04-09 09:15:03.780,20260409,91503780,000009.SZ,251997,1,0,8.68,400
2026-04-09 09:15:03.790,20260409,91503790,000009.SZ,252092,2,0,9.74,100
2026-04-09 09:15:03.800,20260409,91503800,000009.SZ,252378,2,0,9.6,100
2026-04-09 09:15:03.840,20260409,91503840,000009.SZ,253006,2,0,9.5,500
2026-04-09 09:15:03.880,20260409,91503880,000009.SZ,254033,2,0,9.11,3000
2026-04-09 09:15:03.890,20260409,91503890,000009.SZ,254207,2,0,9.73,1000
2026-04-09 09:15:03.890,20260409,91503890,000009.SZ,254229,2,0,9.09,1400
2026-04-09 09:15:03.900,20260409,91503900,000009.SZ,254459,2,0,9.1,3000
2026-04-09 09:15:03.910,20260409,91503910,000009.SZ,254664,2,0,9.02,400
2026-04-09 09:15:03.940,20260409,91503940,000009.SZ,255090,1,0,8.71,5100
2026-04-09 09:15:03.970,20260409,91503970,000009.SZ,255582,2,0,9.72,8000
2026-04-09 09:15:04.020,20260409,91504020,000009.SZ,256313,2,0,9.74,7500
2026-04-09 09:15:04.080,20260409,91504080,000009.SZ,257679,2,0,9.74,100
2026-04-09 09:15:04.080,20260409,91504080,000009.SZ,257714,2,0,9.5,50000
2026-04-09 09:15:04.080,20260409,91504080,000009.SZ,257722,2,0,9.7,50000
2026-04-09 09:15:04.100,20260409,91504100,000009.SZ,258181,2,0,9.06,8000
2026-04-09 09:15:04.100,20260409,91504100,000009.SZ,258296,1,0,8.5,100
2026-04-09 09:15:04.100,20260409,91504100,000009.SZ,258318,1,0,8.0,100
2026-04-09 09:15:04.120,20260409,91504120,000009.SZ,258701,2,0,9.35,400
2026-04-09 09:15:04.140,20260409,91504140,000009.SZ,259163,2,0,9.0,20000
2026-04-09 09:15:04.140,20260409,91504140,000009.SZ,259164,2,0,9.1,20000
2026-04-09 09:15:04.140,20260409,91504140,000009.SZ,259166,2,0,9.2,30000
2026-04-09 09:15:04.140,20260409,91504140,000009.SZ,259169,2,0,9.3,30000
2026-04-09 09:15:04.140,20260409,91504140,000009.SZ,259172,2,0,9.4,30000
2026-04-09 09:15:04.140,20260409,91504140,000009.SZ,259173,2,0,9.6,50000
2026-04-09 09:15:04.140,20260409,91504140,000009.SZ,259174,2,0,9.74,100000
2026-04-09 09:15:04.220,20260409,91504220,000009.SZ,259604,2,0,9.74,1600
2026-04-09 09:15:04.220,20260409,91504220,000009.SZ,259608,2,0,9.74,2600
2026-04-09 09:15:04.280,20260409,91504280,000009.SZ,260048,2,0,9.72,10000
2026-04-09 09:15:04.280,20260409,91504280,000009.SZ,260049,2,0,9.66,8000
2026-04-09 09:15:04.290,20260409,91504290,000009.SZ,260117,2,0,9.72,1300
2026-04-09 09:15:04.300,20260409,91504300,000009.SZ,260219,2,0,9.74,23600
2026-04-09 09:15:04.310,20260409,91504310,000009.SZ,260321,2,0,9.35,500
2026-04-09 09:15:04.310,20260409,91504310,000009.SZ,260379,2,0,9.35,500
2026-04-09 09:15:04.360,20260409,91504360,000009.SZ,260857,2,0,9.1,1400
2026-04-09 09:15:04.360,20260409,91504360,000009.SZ,260886,2,0,9.08,200
2026-04-09 09:15:04.390,20260409,91504390,000009.SZ,261193,2,0,9.73,300
2026-04-09 09:15:04.470,20260409,91504470,000009.SZ,261800,2,0,9.74,4400
2026-04-09 09:15:04.520,20260409,91504520,000009.SZ,261974,2,0,9.7,300
2026-04-09 09:15:04.580,20260409,91504580,000009.SZ,262248,2,0,9.05,100
2026-04-09 09:15:04.610,20260409,91504610,000009.SZ,262326,2,0,9.2,2000
2026-04-09 09:15:04.610,20260409,91504610,000009.SZ,262344,1,0,8.68,100
2026-04-09 09:15:04.670,20260409,91504670,000009.SZ,262690,2,0,8.95,2000
2026-04-09 09:15:04.700,20260409,91504700,000009.SZ,262989,2,0,9.74,4900
2026-04-09 09:15:04.700,20260409,91504700,000009.SZ,263011,1,0,8.71,2500
2026-04-09 09:15:04.740,20260409,91504740,000009.SZ,263282,2,0,9.24,3000
2026-04-09 09:15:04.750,20260409,91504750,000009.SZ,263455,2,0,8.95,600
2026-04-09 09:15:04.780,20260409,91504780,000009.SZ,263559,2,0,9.08,600
2026-04-09 09:15:04.820,20260409,91504820,000009.SZ,264003,2,0,9.04,100
2026-04-09 09:15:04.840,20260409,91504840,000009.SZ,264237,2,0,9.7,1200
2026-04-09 09:15:04.870,20260409,91504870,000009.SZ,264652,1,0,8.61,300
2026-04-09 09:15:04.880,20260409,91504880,000009.SZ,264870,2,0,9.67,4400
2026-04-09 09:15:05.070,20260409,91505070,000009.SZ,266571,1,0,8.08,200
2026-04-09 09:15:05.080,20260409,91505080,000009.SZ,266652,1,0,8.0,300
2026-04-09 09:15:05.090,20260409,91505090,000009.SZ,266771,2,0,9.73,1200
2026-04-09 09:15:05.150,20260409,91505150,000009.SZ,267818,2,0,9.74,1000
2026-04-09 09:15:05.150,20260409,91505150,000009.SZ,267839,2,0,9.35,500
2026-04-09 09:15:05.150,20260409,91505150,000009.SZ,267843,2,0,9.28,1000
2026-04-09 09:15:05.150,20260409,91505150,000009.SZ,267850,2,0,9.29,200
2026-04-09 09:15:05.150,20260409,91505150,000009.SZ,267866,1,0,8.2,1000
2026-04-09 09:15:05.170,20260409,91505170,000009.SZ,267947,2,0,9.74,70000
2026-04-09 09:15:05.390,20260409,91505390,000009.SZ,269332,2,0,9.1,800
2026-04-09 09:15:05.390,20260409,91505390,000009.SZ,269333,2,0,9.2,1000
2026-04-09 09:15:05.390,20260409,91505390,000009.SZ,269334,2,0,9.3,1000
2026-04-09 09:15:05.390,20260409,91505390,000009.SZ,269336,2,0,9.4,2000
2026-04-09 09:15:05.530,20260409,91505530,000009.SZ,269712,2,0,9.45,500
2026-04-09 09:15:05.570,20260409,91505570,000009.SZ,269794,2,0,8.93,200
2026-04-09 09:15:05.580,20260409,91505580,000009.SZ,269845,1,0,8.65,2000
2026-04-09 09:15:05.830,20260409,91505830,000009.SZ,270759,2,0,9.09,400
2026-04-09 09:15:05.890,20260409,91505890,000009.SZ,271352,2,0,9.74,1000
2026-04-09 09:15:06.010,20260409,91506010,000009.SZ,271971,1,0,8.66,500
2026-04-09 09:15:06.050,20260409,91506050,000009.SZ,272288,2,0,9.25,500
2026-04-09 09:15:06.060,20260409,91506060,000009.SZ,272337,1,0,8.4,1000
2026-04-09 09:15:06.060,20260409,91506060,000009.SZ,272397,1,0,7.97,5000
2026-04-09 09:15:06.060,20260409,91506060,000009.SZ,272407,1,0,8.4,1200
2026-04-09 09:15:06.060,20260409,91506060,000009.SZ,272410,1,0,8.5,1200
2026-04-09 09:15:06.060,20260409,91506060,000009.SZ,272413,2,0,9.45,700
2026-04-09 09:15:06.060,20260409,91506060,000009.SZ,272414,2,0,8.99,500
2026-04-09 09:15:06.320,20260409,91506320,000009.SZ,273802,2,0,9.18,300
2026-04-09 09:15:06.440,20260409,91506440,000009.SZ,274234,1,0,8.63,10000
2026-04-09 09:15:06.810,20260409,91506810,000009.SZ,274949,1,0,8.0,100
2026-04-09 09:15:06.830,20260409,91506830,000009.SZ,275078,2,0,9.3,4100
2026-04-09 09:15:06.840,20260409,91506840,000009.SZ,275142,2,0,9.19,1400
2026-04-09 09:15:06.870,20260409,91506870,000009.SZ,275364,1,0,8.4,200
2026-04-09 09:15:06.930,20260409,91506930,000009.SZ,275773,1,0,8.8,400
2026-04-09 09:15:07.040,20260409,91507040,000009.SZ,276020,2,0,9.7,100
2026-04-09 09:15:07.660,20260409,91507660,000009.SZ,277113,1,0,8.4,1000
2026-04-09 09:15:07.670,20260409,91507670,000009.SZ,277219,1,0,8.68,700
2026-04-09 09:15:09.530,20260409,91509530,000009.SZ,278615,2,0,7.97,1200
2026-04-09 09:15:12.230,20260409,91512230,000009.SZ,279257,1,0,8.76,200
2026-04-09 09:15:12.470,20260409,91512470,000009.SZ,279294,2,0,8.9,200
2026-04-09 09:15:19.100,20260409,91519100,000009.SZ,280410,2,0,9.1,500
2026-04-09 09:15:23.110,20260409,91523110,000009.SZ,281132,2,0,9.74,2000
2026-04-09 09:15:24.570,20260409,91524570,000009.SZ,281453,1,0,8.85,100
2026-04-09 09:15:27.320,20260409,91527320,000009.SZ,281940,2,0,9.03,100
2026-04-09 09:15:31.180,20260409,91531180,000009.SZ,282906,1,0,8.7,400
2026-04-09 09:15:32.400,20260409,91532400,000009.SZ,283148,2,0,9.74,3500
2026-04-09 09:15:35.220,20260409,91535220,000009.SZ,283707,2,0,8.9,100
2026-04-09 09:15:35.220,20260409,91535220,000009.SZ,283708,1,0,8.1,100
2026-04-09 09:15:39.090,20260409,91539090,000009.SZ,284556,2,0,9.7,5000
2026-04-09 09:15:43.850,20260409,91543850,000009.SZ,285707,1,0,8.51,40000
2026-04-09 09:15:44.270,20260409,91544270,000009.SZ,285795,2,0,8.96,200
2026-04-09 09:15:44.270,20260409,91544270,000009.SZ,285796,1,0,8.67,200
2026-04-09 09:15:45.360,20260409,91545360,000009.SZ,286052,1,0,8.66,400
2026-04-09 09:15:45.440,20260409,91545440,000009.SZ,286092,2,0,8.86,400
2026-04-09 09:15:45.970,20260409,91545970,000009.SZ,286200,2,0,9.05,1600
2026-04-09 09:15:47.370,20260409,91547370,000009.SZ,286551,2,0,9.03,1000
2026-04-09 09:15:53.600,20260409,91553600,000009.SZ,288182,2,0,9.73,5000
2026-04-09 09:15:54.150,20260409,91554150,000009.SZ,288307,1,0,8.04,100
2026-04-09 09:15:54.190,20260409,91554190,000009.SZ,288324,2,0,9.31,100
2026-04-09 09:16:02.490,20260409,91602490,000009.SZ,290625,2,0,9.74,1500
2026-04-09 09:16:06.660,20260409,91606660,000009.SZ,291841,2,0,8.88,100
2026-04-09 09:16:11.600,20260409,91611600,000009.SZ,293253,2,0,8.92,100
2026-04-09 09:16:13.400,20260409,91613400,000009.SZ,293759,1,0,8.64,3000
2026-04-09 09:16:16.350,20260409,91616350,000009.SZ,294694,2,0,8.96,100
2026-04-09 09:16:22.520,20260409,91622520,000009.SZ,296345,2,0,9.0,100
2026-04-09 09:16:24.800,20260409,91624800,000009.SZ,296963,2,0,8.84,500
2026-04-09 09:16:28.600,20260409,91628600,000009.SZ,297995,2,0,9.05,100
2026-04-09 09:16:33.390,20260409,91633390,000009.SZ,299505,2,0,7.97,100
2026-04-09 09:16:34.470,20260409,91634470,000009.SZ,299940,2,0,9.16,5000
2026-04-09 09:16:34.680,20260409,91634680,000009.SZ,300006,1,0,8.8,100
2026-04-09 09:16:35.460,20260409,91635460,000009.SZ,300258,2,0,9.54,300
2026-04-09 09:16:36.700,20260409,91636700,000009.SZ,300643,2,0,8.84,1000
2026-04-09 09:16:39.880,20260409,91639880,000009.SZ,301674,1,0,9.74,6900
2026-04-09 09:16:39.920,20260409,91639920,000009.SZ,301683,1,0,8.78,500
2026-04-09 09:16:40.450,20260409,91640450,000009.SZ,301828,2,0,8.9,600
2026-04-09 09:16:40.680,20260409,91640680,000009.SZ,301896,1,0,8.66,500
2026-04-09 09:16:40.750,20260409,91640750,000009.SZ,301917,1,0,8.76,100
2026-04-09 09:16:45.330,20260409,91645330,000009.SZ,303384,1,0,8.6,2000
2026-04-09 09:16:45.430,20260409,91645430,000009.SZ,303424,2,0,9.66,1100
2026-04-09 09:16:46.860,20260409,91646860,000009.SZ,303869,1,0,8.72,100
2026-04-09 09:16:50.680,20260409,91650680,000009.SZ,305116,2,0,8.97,200
2026-04-09 09:16:51.110,20260409,91651110,000009.SZ,305239,2,0,9.0,600
2026-04-09 09:16:52.750,20260409,91652750,000009.SZ,305684,1,0,8.65,1000
2026-04-09 09:16:53.150,20260409,91653150,000009.SZ,305797,2,0,8.88,1000
2026-04-09 09:16:54.400,20260409,91654400,000009.SZ,306150,2,0,8.89,2200
2026-04-09 09:16:54.620,20260409,91654620,000009.SZ,306223,1,0,8.73,1600
2026-04-09 09:16:56.750,20260409,91656750,000009.SZ,306859,1,0,9.74,100
2026-04-09 09:16:57.850,20260409,91657850,000009.SZ,307192,2,0,8.9,2000
2026-04-09 09:17:08.540,20260409,91708540,000009.SZ,310875,2,0,8.95,2000
2026-04-09 09:17:08.610,20260409,91708610,000009.SZ,310896,1,0,8.6,500
2026-04-09 09:17:13.270,20260409,91713270,000009.SZ,312411,2,0,9.74,100
2026-04-09 09:17:13.850,20260409,91713850,000009.SZ,312627,2,0,9.1,1000
2026-04-09 09:17:15.500,20260409,91715500,000009.SZ,313210,2,0,9.3,1100
2026-04-09 09:17:17.280,20260409,91717280,000009.SZ,313814,1,0,8.06,1300
2026-04-09 09:17:18.630,20260409,91718630,000009.SZ,314293,1,0,8.5,500
2026-04-09 09:17:21.660,20260409,91721660,000009.SZ,315253,2,0,8.9,1000
2026-04-09 09:17:31.320,20260409,91731320,000009.SZ,318505,2,0,8.88,4000
2026-04-09 09:17:37.180,20260409,91737180,000009.SZ,320593,2,0,9.74,20000
2026-04-09 09:17:37.360,20260409,91737360,000009.SZ,320655,1,0,8.59,3000
2026-04-09 09:17:41.580,20260409,91741580,000009.SZ,322123,2,0,9.27,1700
2026-04-09 09:17:46.580,20260409,91746580,000009.SZ,323951,1,0,8.53,6500
2026-04-09 09:17:46.830,20260409,91746830,000009.SZ,324046,1,0,8.78,1000
2026-04-09 09:17:48.870,20260409,91748870,000009.SZ,324784,2,0,9.0,12400
2026-04-09 09:17:55.240,20260409,91755240,000009.SZ,326921,2,0,9.07,300
2026-04-09 09:17:57.980,20260409,91757980,000009.SZ,327863,1,0,7.97,25100
2026-04-09 09:17:58.060,20260409,91758060,000009.SZ,327888,2,0,9.74,1100
2026-04-09 09:17:58.610,20260409,91758610,000009.SZ,328077,2,0,8.84,100
2026-04-09 09:17:58.770,20260409,91758770,000009.SZ,328126,2,0,9.27,300
2026-04-09 09:17:59.040,20260409,91759040,000009.SZ,328212,1,0,8.5,2000
2026-04-09 09:17:59.920,20260409,91759920,000009.SZ,328527,2,0,9.74,2000
2026-04-09 09:18:02.520,20260409,91802520,000009.SZ,329511,1,0,8.8,600
2026-04-09 09:18:02.940,20260409,91802940,000009.SZ,329669,2,0,8.41,100
2026-04-09 09:18:04.950,20260409,91804950,000009.SZ,330379,2,0,9.73,5000
2026-04-09 09:18:06.150,20260409,91806150,000009.SZ,330849,2,0,9.72,500
2026-04-09 09:18:08.770,20260409,91808770,000009.SZ,331828,2,0,8.84,2000
2026-04-09 09:18:08.840,20260409,91808840,000009.SZ,331839,1,0,8.79,5000
2026-04-09 09:18:09.680,20260409,91809680,000009.SZ,332129,2,0,9.37,500
2026-04-09 09:18:11.820,20260409,91811820,000009.SZ,332899,2,0,8.84,800
2026-04-09 09:18:15.240,20260409,91815240,000009.SZ,334026,1,0,8.7,500
2026-04-09 09:18:17.460,20260409,91817460,000009.SZ,334817,2,0,9.45,100
2026-04-09 09:18:17.930,20260409,91817930,000009.SZ,334995,2,0,8.84,2400
2026-04-09 09:18:18.090,20260409,91818090,000009.SZ,335055,1,0,8.7,3200
2026-04-09 09:18:23.850,20260409,91823850,000009.SZ,337185,1,0,8.73,1700
2026-04-09 09:18:23.910,20260409,91823910,000009.SZ,337203,2,0,9.63,900
2026-04-09 09:18:29.970,20260409,91829970,000009.SZ,339494,1,0,8.64,500
2026-04-09 09:18:30.360,20260409,91830360,000009.SZ,339645,2,0,9.18,1200
2026-04-09 09:18:37.070,20260409,91837070,000009.SZ,342116,2,0,9.17,5500
2026-04-09 09:18:37.470,20260409,91837470,000009.SZ,342270,2,0,9.74,1000
2026-04-09 09:18:44.380,20260409,91844380,000009.SZ,344820,2,0,8.84,1300
2026-04-09 09:18:47.870,20260409,91847870,000009.SZ,346095,2,0,8.95,300
2026-04-09 09:18:49.940,20260409,91849940,000009.SZ,346851,2,0,9.19,100
2026-04-09 09:18:51.230,20260409,91851230,000009.SZ,347347,2,0,9.14,3000
2026-04-09 09:18:51.940,20260409,91851940,000009.SZ,347626,2,0,8.82,500
2026-04-09 09:18:54.370,20260409,91854370,000009.SZ,348542,2,0,9.7,4000
2026-04-09 09:18:58.710,20260409,91858710,000009.SZ,350176,2,0,8.98,1000
2026-04-09 09:19:03.350,20260409,91903350,000009.SZ,352009,2,0,8.86,200
2026-04-09 09:19:03.980,20260409,91903980,000009.SZ,352256,2,0,8.84,35400
2026-04-09 09:19:05.360,20260409,91905360,000009.SZ,352789,2,0,9.45,1000
2026-04-09 09:19:07.000,20260409,91907000,000009.SZ,353417,2,0,9.2,1000
2026-04-09 09:19:10.180,20260409,91910180,000009.SZ,354704,2,0,9.73,5000
2026-04-09 09:19:14.110,20260409,91914110,000009.SZ,356258,2,0,9.3,1000
2026-04-09 09:19:19.370,20260409,91919370,000009.SZ,358255,2,0,9.73,800
2026-04-09 09:19:22.660,20260409,91922660,000009.SZ,359537,2,0,9.58,5000
2026-04-09 09:19:23.160,20260409,91923160,000009.SZ,359734,2,0,9.6,2000
2026-04-09 09:19:23.740,20260409,91923740,000009.SZ,359966,2,0,9.5,100
2026-04-09 09:19:29.210,20260409,91929210,000009.SZ,362099,2,0,9.4,1000
2026-04-09 09:19:30.670,20260409,91930670,000009.SZ,362660,2,0,9.5,500
2026-04-09 09:19:32.700,20260409,91932700,000009.SZ,363487,2,0,8.9,500
2026-04-09 09:19:33.560,20260409,91933560,000009.SZ,363827,1,0,8.67,1000
2026-04-09 09:19:37.750,20260409,91937750,000009.SZ,365472,2,0,8.94,2000
2026-04-09 09:19:38.620,20260409,91938620,000009.SZ,365808,2,0,9.09,1900
2026-04-09 09:19:40.330,20260409,91940330,000009.SZ,366455,1,0,8.67,4000
2026-04-09 09:19:40.430,20260409,91940430,000009.SZ,366495,2,0,8.88,5000
2026-04-09 09:19:42.090,20260409,91942090,000009.SZ,367156,2,0,9.68,5000
2026-04-09 09:19:47.140,20260409,91947140,000009.SZ,369251,2,0,8.96,2000
2026-04-09 09:19:47.610,20260409,91947610,000009.SZ,369461,1,0,8.62,1100
2026-04-09 09:19:49.210,20260409,91949210,000009.SZ,370089,2,0,9.74,10000
2026-04-09 09:19:51.560,20260409,91951560,000009.SZ,371048,2,0,9.73,10000
2026-04-09 09:19:57.130,20260409,91957130,000009.SZ,373345,2,0,8.84,2000
2026-04-09 09:19:57.580,20260409,91957580,000009.SZ,373536,2,0,9.13,5700
2026-04-09 09:20:00.160,20260409,92000160,000009.SZ,374585,2,0,8.41,100
2026-04-09 09:20:00.320,20260409,92000320,000009.SZ,374642,2,0,8.41,100
2026-04-09 09:20:01.000,20260409,92001000,000009.SZ,374963,1,0,8.85,2400
2026-04-09 09:20:01.300,20260409,92001300,000009.SZ,375107,2,0,8.93,2800
2026-04-09 09:20:02.100,20260409,92002100,000009.SZ,375454,1,0,9.02,100
2026-04-09 09:20:03.920,20260409,92003920,000009.SZ,376137,2,0,8.99,2100
2026-04-09 09:20:05.120,20260409,92005120,000009.SZ,376653,2,0,9.18,5000
2026-04-09 09:20:08.950,20260409,92008950,000009.SZ,377963,2,0,9.03,600
2026-04-09 09:20:08.950,20260409,92008950,000009.SZ,377964,1,0,8.17,600
2026-04-09 09:20:09.150,20260409,92009150,000009.SZ,378033,2,0,8.85,4000
2026-04-09 09:20:10.060,20260409,92010060,000009.SZ,378387,2,0,8.95,1000
2026-04-09 09:20:10.570,20260409,92010570,000009.SZ,378594,2,0,9.1,1000
2026-04-09 09:20:12.610,20260409,92012610,000009.SZ,379310,2,0,9.02,10000
2026-04-09 09:20:14.910,20260409,92014910,000009.SZ,380080,2,0,9.28,5000
2026-04-09 09:20:15.180,20260409,92015180,000009.SZ,380160,1,0,8.6,600
2026-04-09 09:20:16.580,20260409,92016580,000009.SZ,380634,2,0,9.72,500
2026-04-09 09:20:18.170,20260409,92018170,000009.SZ,381161,2,0,9.14,2000
2026-04-09 09:20:37.110,20260409,92037110,000009.SZ,387587,1,0,8.71,2000
2026-04-09 09:20:38.140,20260409,92038140,000009.SZ,387961,1,0,8.5,20000
2026-04-09 09:20:38.910,20260409,92038910,000009.SZ,388218,2,0,8.93,200
2026-04-09 09:20:41.330,20260409,92041330,000009.SZ,389106,2,0,9.74,200
2026-04-09 09:20:43.370,20260409,92043370,000009.SZ,389820,2,0,8.98,5000
2026-04-09 09:20:45.880,20260409,92045880,000009.SZ,390714,2,0,9.17,5000
2026-04-09 09:20:46.020,20260409,92046020,000009.SZ,390752,2,0,9.15,600
2026-04-09 09:20:49.880,20260409,92049880,000009.SZ,392153,1,0,8.4,500
2026-04-09 09:20:51.950,20260409,92051950,000009.SZ,392884,2,0,8.88,200
2026-04-09 09:20:52.300,20260409,92052300,000009.SZ,393004,1,0,8.7,2000
2026-04-09 09:20:53.430,20260409,92053430,000009.SZ,393432,1,0,8.31,2000
2026-04-09 09:20:53.760,20260409,92053760,000009.SZ,393546,2,0,9.18,2000
2026-04-09 09:20:56.880,20260409,92056880,000009.SZ,394750,2,0,8.78,8700
2026-04-09 09:21:00.430,20260409,92100430,000009.SZ,396147,2,0,7.97,100
2026-04-09 09:21:00.800,20260409,92100800,000009.SZ,396631,2,0,9.12,6000
2026-04-09 09:21:01.020,20260409,92101020,000009.SZ,396933,2,0,7.97,100
2026-04-09 09:21:01.900,20260409,92101900,000009.SZ,397553,1,0,8.8,1800
2026-04-09 09:21:02.190,20260409,92102190,000009.SZ,397743,2,0,9.68,400
2026-04-09 09:21:06.540,20260409,92106540,000009.SZ,399486,2,0,8.84,2500
2026-04-09 09:21:14.930,20260409,92114930,000009.SZ,402692,2,0,9.74,2000
2026-04-09 09:21:16.500,20260409,92116500,000009.SZ,403284,2,0,9.0,2000
2026-04-09 09:21:19.990,20260409,92119990,000009.SZ,404609,2,0,8.95,300
2026-04-09 09:21:22.370,20260409,92122370,000009.SZ,405554,2,0,9.7,1000
2026-04-09 09:21:22.760,20260409,92122760,000009.SZ,405718,2,0,8.84,1000
2026-04-09 09:21:23.900,20260409,92123900,000009.SZ,406166,2,0,8.89,1000
2026-04-09 09:21:26.930,20260409,92126930,000009.SZ,407282,2,0,9.3,1000
2026-04-09 09:21:30.240,20260409,92130240,000009.SZ,408628,1,0,8.58,2000
2026-04-09 09:21:30.730,20260409,92130730,000009.SZ,408835,2,0,8.83,7000
2026-04-09 09:21:31.090,20260409,92131090,000009.SZ,408982,2,0,8.99,1200
2026-04-09 09:21:31.780,20260409,92131780,000009.SZ,409252,1,0,8.71,8000
2026-04-09 09:21:32.120,20260409,92132120,000009.SZ,409386,2,0,9.74,6000
2026-04-09 09:21:33.320,20260409,92133320,000009.SZ,409852,2,0,9.74,2000
2026-04-09 09:21:35.230,20260409,92135230,000009.SZ,410642,2,0,8.95,1000
2026-04-09 09:21:35.580,20260409,92135580,000009.SZ,410778,2,0,9.4,1000
2026-04-09 09:21:37.450,20260409,92137450,000009.SZ,411552,2,0,9.7,1000
2026-04-09 09:21:39.880,20260409,92139880,000009.SZ,412572,1,0,8.7,1000
2026-04-09 09:21:41.320,20260409,92141320,000009.SZ,413135,2,0,7.97,1700
2026-04-09 09:21:42.500,20260409,92142500,000009.SZ,413601,1,0,8.71,1000
2026-04-09 09:21:42.830,20260409,92142830,000009.SZ,413734,2,0,9.5,1000
2026-04-09 09:21:44.010,20260409,92144010,000009.SZ,414246,1,0,8.66,500
2026-04-09 09:21:45.200,20260409,92145200,000009.SZ,414732,2,0,8.8,1000
2026-04-09 09:21:46.390,20260409,92146390,000009.SZ,415288,1,0,8.6,1000
2026-04-09 09:21:47.650,20260409,92147650,000009.SZ,415760,2,0,9.2,2000
2026-04-09 09:21:50.900,20260409,92150900,000009.SZ,417185,2,0,9.7,1000
2026-04-09 09:21:50.960,20260409,92150960,000009.SZ,417207,1,0,8.6,6200
2026-04-09 09:21:56.610,20260409,92156610,000009.SZ,419607,2,0,9.04,400
2026-04-09 09:21:57.600,20260409,92157600,000009.SZ,420016,2,0,9.0,1000
2026-04-09 09:21:58.700,20260409,92158700,000009.SZ,420504,2,0,8.83,3000
2026-04-09 09:21:59.940,20260409,92159940,000009.SZ,421024,2,0,9.73,2000
2026-04-09 09:22:00.030,20260409,92200030,000009.SZ,421076,2,0,7.97,200
2026-04-09 09:22:00.580,20260409,92200580,000009.SZ,421291,2,0,8.9,2000
2026-04-09 09:22:01.800,20260409,92201800,000009.SZ,421816,2,0,9.72,200
2026-04-09 09:22:11.590,20260409,92211590,000009.SZ,426010,1,0,8.0,100
2026-04-09 09:22:15.730,20260409,92215730,000009.SZ,427836,1,0,8.4,34000
2026-04-09 09:22:15.760,20260409,92215760,000009.SZ,427842,2,0,9.21,2000
2026-04-09 09:22:15.870,20260409,92215870,000009.SZ,427887,2,0,9.74,8000
2026-04-09 09:22:17.220,20260409,92217220,000009.SZ,428483,2,0,9.74,5000
2026-04-09 09:22:18.560,20260409,92218560,000009.SZ,429062,2,0,8.88,1000
2026-04-09 09:22:20.520,20260409,92220520,000009.SZ,429954,1,0,8.65,1700
2026-04-09 09:22:24.150,20260409,92224150,000009.SZ,431657,2,0,9.26,400
2026-04-09 09:22:24.170,20260409,92224170,000009.SZ,431673,2,0,8.8,200
2026-04-09 09:22:26.660,20260409,92226660,000009.SZ,432841,2,0,9.25,1100
2026-04-09 09:22:27.640,20260409,92227640,000009.SZ,433264,2,0,9.74,400
2026-04-09 09:22:27.760,20260409,92227760,000009.SZ,433328,2,0,8.83,1200
2026-04-09 09:22:28.270,20260409,92228270,000009.SZ,433542,2,0,9.02,1000
2026-04-09 09:22:28.310,20260409,92228310,000009.SZ,433559,2,0,9.74,3600
2026-04-09 09:22:28.950,20260409,92228950,000009.SZ,433828,2,0,8.8,1000
2026-04-09 09:22:30.190,20260409,92230190,000009.SZ,434383,2,0,9.73,2000
2026-04-09 09:22:32.440,20260409,92232440,000009.SZ,435398,1,0,8.62,500
2026-04-09 09:22:32.690,20260409,92232690,000009.SZ,435507,1,0,8.65,4300
2026-04-09 09:22:33.100,20260409,92233100,000009.SZ,435704,2,0,9.69,2700
2026-04-09 09:22:34.320,20260409,92234320,000009.SZ,436281,2,0,8.94,500
2026-04-09 09:22:38.200,20260409,92238200,000009.SZ,438088,2,0,9.63,2000
2026-04-09 09:22:42.040,20260409,92242040,000009.SZ,439957,2,0,9.58,1500
2026-04-09 09:22:44.400,20260409,92244400,000009.SZ,441106,2,0,8.84,5000
2026-04-09 09:22:45.080,20260409,92245080,000009.SZ,441435,1,0,8.46,500
2026-04-09 09:22:45.430,20260409,92245430,000009.SZ,441598,2,0,9.53,1100
2026-04-09 09:22:47.220,20260409,92247220,000009.SZ,442409,2,0,8.88,2800
2026-04-09 09:22:47.640,20260409,92247640,000009.SZ,442596,1,0,8.68,4000
2026-04-09 09:22:48.670,20260409,92248670,000009.SZ,443094,2,0,8.98,1000
2026-04-09 09:22:51.010,20260409,92251010,000009.SZ,444271,2,0,9.2,400
2026-04-09 09:22:51.510,20260409,92251510,000009.SZ,444533,2,0,8.96,10000
2026-04-09 09:22:53.320,20260409,92253320,000009.SZ,445415,2,0,9.74,400
2026-04-09 09:22:55.210,20260409,92255210,000009.SZ,446307,1,0,8.76,8000
2026-04-09 09:22:57.450,20260409,92257450,000009.SZ,447395,2,0,9.46,1800
2026-04-09 09:22:58.860,20260409,92258860,000009.SZ,448092,2,0,8.8,800
2026-04-09 09:23:01.850,20260409,92301850,000009.SZ,449676,1,0,8.8,800
2026-04-09 09:23:02.100,20260409,92302100,000009.SZ,449787,2,0,9.41,1800
2026-04-09 09:23:04.280,20260409,92304280,000009.SZ,450932,2,0,9.25,1500
2026-04-09 09:23:06.130,20260409,92306130,000009.SZ,451859,2,0,8.93,500
2026-04-09 09:23:09.360,20260409,92309360,000009.SZ,453575,2,0,8.95,2000
2026-04-09 09:23:16.750,20260409,92316750,000009.SZ,457420,1,0,8.8,100
2026-04-09 09:23:25.580,20260409,92325580,000009.SZ,462280,2,0,8.8,3000
2026-04-09 09:23:27.300,20260409,92327300,000009.SZ,463317,2,0,8.91,7500
2026-04-09 09:23:32.550,20260409,92332550,000009.SZ,466450,2,0,8.8,1300
2026-04-09 09:23:33.550,20260409,92333550,000009.SZ,467016,2,0,8.9,300
2026-04-09 09:23:35.730,20260409,92335730,000009.SZ,468292,2,0,8.65,5000
2026-04-09 09:23:37.060,20260409,92337060,000009.SZ,469073,1,0,8.65,5000
2026-04-09 09:23:37.370,20260409,92337370,000009.SZ,469254,2,0,9.32,5800
2026-04-09 09:23:38.090,20260409,92338090,000009.SZ,469693,2,0,8.83,1000
2026-04-09 09:23:39.390,20260409,92339390,000009.SZ,470513,1,0,8.49,5000
2026-04-09 09:23:39.490,20260409,92339490,000009.SZ,470568,1,0,8.81,300
2026-04-09 09:23:40.100,20260409,92340100,000009.SZ,470968,2,0,9.0,7500
2026-04-09 09:23:40.150,20260409,92340150,000009.SZ,471003,1,0,8.56,800
2026-04-09 09:23:42.240,20260409,92342240,000009.SZ,472228,1,0,8.45,2000
2026-04-09 09:23:43.150,20260409,92343150,000009.SZ,472750,2,0,8.75,900
2026-04-09 09:23:51.360,20260409,92351360,000009.SZ,477848,2,0,9.05,1500
2026-04-09 09:23:54.420,20260409,92354420,000009.SZ,479776,1,0,8.75,500
2026-04-09 09:24:00.960,20260409,92400960,000009.SZ,484264,2,0,9.23,500
2026-04-09 09:24:01.210,20260409,92401210,000009.SZ,484436,2,0,8.79,11800
2026-04-09 09:24:01.310,20260409,92401310,000009.SZ,484511,2,0,7.97,2000
2026-04-09 09:24:01.720,20260409,92401720,000009.SZ,484807,2,0,9.05,1000
2026-04-09 09:24:04.020,20260409,92404020,000009.SZ,486477,2,0,8.84,700
2026-04-09 09:24:04.660,20260409,92404660,000009.SZ,486966,2,0,8.9,20000
2026-04-09 09:24:09.870,20260409,92409870,000009.SZ,490870,2,0,8.95,20000
2026-04-09 09:24:10.360,20260409,92410360,000009.SZ,491254,1,0,8.7,111800
2026-04-09 09:24:12.930,20260409,92412930,000009.SZ,493482,1,0,8.79,800
2026-04-09 09:24:13.280,20260409,92413280,000009.SZ,493771,1,0,8.43,4700
2026-04-09 09:24:14.430,20260409,92414430,000009.SZ,494748,1,0,8.56,2000
2026-04-09 09:24:15.420,20260409,92415420,000009.SZ,495604,1,0,8.42,700
2026-04-09 09:24:15.440,20260409,92415440,000009.SZ,495631,2,0,8.85,6200
2026-04-09 09:24:15.680,20260409,92415680,000009.SZ,495836,2,0,9.2,1500
2026-04-09 09:24:17.770,20260409,92417770,000009.SZ,497651,2,0,8.95,500
2026-04-09 09:24:19.790,20260409,92419790,000009.SZ,499536,2,0,9.3,8800
2026-04-09 09:24:19.980,20260409,92419980,000009.SZ,499697,2,0,8.9,800
2026-04-09 09:24:20.570,20260409,92420570,000009.SZ,500231,2,0,8.76,5700
2026-04-09 09:24:22.850,20260409,92422850,000009.SZ,502324,1,0,8.0,400
2026-04-09 09:24:23.220,20260409,92423220,000009.SZ,502651,2,0,9.73,6900
2026-04-09 09:24:23.440,20260409,92423440,000009.SZ,502849,2,0,8.79,1800
2026-04-09 09:24:23.510,20260409,92423510,000009.SZ,502910,2,0,8.79,600
2026-04-09 09:24:24.330,20260409,92424330,000009.SZ,503715,1,0,8.75,1400
2026-04-09 09:24:25.060,20260409,92425060,000009.SZ,504374,2,0,8.96,7500
2026-04-09 09:24:25.800,20260409,92425800,000009.SZ,505072,2,0,8.79,1500
2026-04-09 09:24:28.420,20260409,92428420,000009.SZ,507642,1,0,8.4,3000
2026-04-09 09:24:29.620,20260409,92429620,000009.SZ,508899,2,0,9.19,1000
2026-04-09 09:24:29.910,20260409,92429910,000009.SZ,509201,1,0,8.61,1000
2026-04-09 09:24:39.310,20260409,92439310,000009.SZ,519176,2,0,9.74,1000
2026-04-09 09:24:42.860,20260409,92442860,000009.SZ,522898,2,0,9.0,300
2026-04-09 09:24:45.580,20260409,92445580,000009.SZ,525873,2,0,8.99,200
2026-04-09 09:24:48.740,20260409,92448740,000009.SZ,529411,1,0,8.63,1000
2026-04-09 09:24:50.180,20260409,92450180,000009.SZ,531845,1,0,8.79,1000
2026-04-09 09:24:52.080,20260409,92452080,000009.SZ,534914,2,0,8.65,300
2026-04-09 09:24:52.610,20260409,92452610,000009.SZ,535678,1,0,9.74,600
2026-04-09 09:24:53.170,20260409,92453170,000009.SZ,536722,1,0,9.74,600
2026-04-09 09:24:53.430,20260409,92453430,000009.SZ,537168,2,0,8.88,500
2026-04-09 09:24:53.800,20260409,92453800,000009.SZ,537839,2,0,8.53,400
2026-04-09 09:24:54.840,20260409,92454840,000009.SZ,539845,1,0,9.74,600
2026-04-09 09:24:55.160,20260409,92455160,000009.SZ,540625,1,0,9.74,600
2026-04-09 09:24:55.620,20260409,92455620,000009.SZ,541542,1,0,9.04,600
2026-04-09 09:24:56.230,20260409,92456230,000009.SZ,543191,1,0,8.87,100
2026-04-09 09:24:56.820,20260409,92456820,000009.SZ,544928,2,0,8.69,100
2026-04-09 09:24:57.170,20260409,92457170,000009.SZ,545926,1,0,8.81,1300
2026-04-09 09:24:57.170,20260409,92457170,000009.SZ,545928,1,0,8.81,100
2026-04-09 09:24:57.170,20260409,92457170,000009.SZ,545931,1,0,8.81,100
2026-04-09 09:24:57.170,20260409,92457170,000009.SZ,545932,1,0,8.81,100
2026-04-09 09:24:58.190,20260409,92458190,000009.SZ,549521,1,0,9.74,600
2026-04-09 09:24:58.410,20260409,92458410,000009.SZ,550772,1,0,9.22,200
2026-04-09 09:24:58.750,20260409,92458750,000009.SZ,552046,1,0,8.95,2400
2026-04-09 09:24:58.790,20260409,92458790,000009.SZ,552219,1,0,9.74,600
2026-04-09 09:24:59.070,20260409,92459070,000009.SZ,553647,1,0,8.95,1100
2026-04-09 09:24:59.670,20260409,92459670,000009.SZ,558106,1,0,9.01,1700
2026-04-09 09:24:59.900,20260409,92459900,000009.SZ,559492,1,0,8.82,5600
2026-04-09 09:24:59.920,20260409,92459920,000009.SZ,559651,2,0,8.62,2300
2026-04-09 09:24:59.940,20260409,92459940,000009.SZ,560096,2,0,8.76,1100
2026-04-09 09:30:00.050,20260409,93000050,000009.SZ,677224,2,0,8.77,400
2026-04-09 09:30:00.050,20260409,93000050,000009.SZ,678070,1,0,8.81,1900
2026-04-09 09:30:00.050,20260409,93000050,000009.SZ,678933,2,0,8.79,1100
2026-04-09 09:30:00.050,20260409,93000050,000009.SZ,678967,2,0,8.88,300
2026-04-09 09:30:00.050,20260409,93000050,000009.SZ,681868,2,0,8.78,600
2026-04-09 09:30:00.060,20260409,93000060,000009.SZ,686023,2,0,8.78,600
2026-04-09 09:30:00.060,20260409,93000060,000009.SZ,686117,1,0,8.73,2000
2026-04-09 09:30:00.070,20260409,93000070,000009.SZ,691683,2,0,9.1,200
2026-04-09 09:30:00.070,20260409,93000070,000009.SZ,692081,1,0,8.67,4100
2026-04-09 09:30:00.080,20260409,93000080,000009.SZ,696708,2,0,8.84,100
2026-04-09 09:30:00.080,20260409,93000080,000009.SZ,697687,2,0,8.8,5000
2026-04-09 09:30:00.080,20260409,93000080,000009.SZ,699666,1,0,8.68,100
2026-04-09 09:30:00.080,20260409,93000080,000009.SZ,700309,2,0,8.88,3700
2026-04-09 09:30:00.080,20260409,93000080,000009.SZ,701247,1,0,8.71,30500
2026-04-09 09:30:00.090,20260409,93000090,000009.SZ,705322,1,0,8.78,500
2026-04-09 09:30:00.090,20260409,93000090,000009.SZ,705481,2,0,8.83,5000
2026-04-09 09:30:00.090,20260409,93000090,000009.SZ,706312,2,0,9.2,200
2026-04-09 09:30:00.090,20260409,93000090,000009.SZ,706912,1,0,8.79,300
2026-04-09 09:30:00.100,20260409,93000100,000009.SZ,708376,1,0,8.75,300
2026-04-09 09:30:00.100,20260409,93000100,000009.SZ,709071,2,0,8.78,22700
2026-04-09 09:30:00.100,20260409,93000100,000009.SZ,711433,1,0,8.7,5000
2026-04-09 09:30:00.100,20260409,93000100,000009.SZ,711646,2,0,9.3,3000
2026-04-09 09:30:00.100,20260409,93000100,000009.SZ,712379,2,0,8.92,5000
2026-04-09 09:30:00.100,20260409,93000100,000009.SZ,712930,2,0,9.58,1000
2026-04-09 09:30:00.120,20260409,93000120,000009.SZ,722754,2,0,8.92,100
2026-04-09 09:30:00.130,20260409,93000130,000009.SZ,726181,1,0,8.73,1000
2026-04-09 09:30:00.130,20260409,93000130,000009.SZ,729362,1,0,8.58,20000
2026-04-09 09:30:00.130,20260409,93000130,000009.SZ,730993,1,0,8.5,1000
2026-04-09 09:30:00.130,20260409,93000130,000009.SZ,731053,2,0,8.9,1700
2026-04-09 09:30:00.150,20260409,93000150,000009.SZ,742206,2,0,8.87,1000
2026-04-09 09:30:00.150,20260409,93000150,000009.SZ,742369,2,0,8.98,2000
2026-04-09 09:30:00.160,20260409,93000160,000009.SZ,743481,1,0,8.42,1000
2026-04-09 09:30:00.160,20260409,93000160,000009.SZ,746493,1,0,8.71,12000
2026-04-09 09:30:00.160,20260409,93000160,000009.SZ,746627,2,0,8.8,6300
2026-04-09 09:30:00.170,20260409,93000170,000009.SZ,750080,2,0,8.82,17400
2026-04-09 09:30:00.170,20260409,93000170,000009.SZ,751777,2,0,8.95,200
2026-04-09 09:30:00.170,20260409,93000170,000009.SZ,752014,2,0,8.75,500
2026-04-09 09:30:00.170,20260409,93000170,000009.SZ,752096,2,0,8.89,11300
2026-04-09 09:30:00.170,20260409,93000170,000009.SZ,752333,1,0,8.76,1100
2026-04-09 09:30:00.170,20260409,93000170,000009.SZ,752713,1,0,8.4,20000
2026-04-09 09:30:00.180,20260409,93000180,000009.SZ,754252,2,0,8.77,200
2026-04-09 09:30:00.180,20260409,93000180,000009.SZ,756955,2,0,9.0,5800
2026-04-09 09:30:00.180,20260409,93000180,000009.SZ,757228,2,0,9.67,6000
2026-04-09 09:30:00.180,20260409,93000180,000009.SZ,757505,1,0,8.71,10000
2026-04-09 09:30:00.190,20260409,93000190,000009.SZ,762612,2,0,8.84,500
2026-04-09 09:30:00.190,20260409,93000190,000009.SZ,763028,1,0,8.71,1000
2026-04-09 09:30:00.210,20260409,93000210,000009.SZ,767645,2,0,8.79,1000
2026-04-09 09:30:00.210,20260409,93000210,000009.SZ,767758,2,0,8.8,5000
2026-04-09 09:30:00.210,20260409,93000210,000009.SZ,768589,1,0,8.5,2000
2026-04-09 09:30:00.220,20260409,93000220,000009.SZ,771461,2,0,8.78,4700
2026-04-09 09:30:00.220,20260409,93000220,000009.SZ,773297,2,0,8.78,3500
2026-04-09 09:30:00.230,20260409,93000230,000009.SZ,778131,1,0,8.6,1000
2026-04-09 09:30:00.240,20260409,93000240,000009.SZ,778948,2,0,8.77,400
2026-04-09 09:30:00.240,20260409,93000240,000009.SZ,781443,2,0,9.11,1000
2026-04-09 09:30:00.240,20260409,93000240,000009.SZ,781915,2,0,8.78,1000
2026-04-09 09:30:00.250,20260409,93000250,000009.SZ,783096,1,0,8.67,1700
2026-04-09 09:30:00.250,20260409,93000250,000009.SZ,783181,1,0,8.67,1700
2026-04-09 09:30:00.250,20260409,93000250,000009.SZ,783712,1,0,8.66,1700
2026-04-09 09:30:00.260,20260409,93000260,000009.SZ,787534,2,0,8.79,68800
2026-04-09 09:30:00.260,20260409,93000260,000009.SZ,788499,2,0,8.82,300
2026-04-09 09:30:00.260,20260409,93000260,000009.SZ,788670,2,0,8.88,1000
2026-04-09 09:30:00.270,20260409,93000270,000009.SZ,789972,1,0,8.73,2000
2026-04-09 09:30:00.270,20260409,93000270,000009.SZ,791251,2,0,8.97,2000
2026-04-09 09:30:00.270,20260409,93000270,000009.SZ,791964,2,0,9.0,100
2026-04-09 09:30:00.290,20260409,93000290,000009.SZ,797567,1,0,8.71,300
2026-04-09 09:30:00.300,20260409,93000300,000009.SZ,800294,2,0,8.96,4500
2026-04-09 09:30:00.300,20260409,93000300,000009.SZ,801228,2,0,9.24,500
2026-04-09 09:30:00.300,20260409,93000300,000009.SZ,801591,2,0,8.77,1600
2026-04-09 09:30:00.300,20260409,93000300,000009.SZ,801829,2,0,8.88,600
2026-04-09 09:30:00.330,20260409,93000330,000009.SZ,808171,1,0,8.79,100
2026-04-09 09:30:00.330,20260409,93000330,000009.SZ,809439,2,0,8.83,800
2026-04-09 09:30:00.340,20260409,93000340,000009.SZ,810721,2,0,8.82,2000
2026-04-09 09:30:00.350,20260409,93000350,000009.SZ,813745,1,0,8.72,20000
2026-04-09 09:30:00.350,20260409,93000350,000009.SZ,813797,2,0,9.74,500
2026-04-09 09:30:00.360,20260409,93000360,000009.SZ,816549,1,0,8.78,300
2026-04-09 09:30:00.360,20260409,93000360,000009.SZ,816730,1,0,8.79,100
2026-04-09 09:30:00.360,20260409,93000360,000009.SZ,817250,1,0,8.8,200
2026-04-09 09:30:00.360,20260409,93000360,000009.SZ,817341,1,0,8.8,500
2026-04-09 09:30:00.360,20260409,93000360,000009.SZ,817343,1,0,8.78,6100
2026-04-09 09:30:00.360,20260409,93000360,000009.SZ,817386,1,0,8.78,600
2026-04-09 09:30:00.360,20260409,93000360,000009.SZ,817406,1,0,8.78,1700
2026-04-09 09:30:00.360,20260409,93000360,000009.SZ,817413,1,0,8.78,2100
2026-04-09 09:30:00.360,20260409,93000360,000009.SZ,817415,1,0,8.78,2600
2026-04-09 09:30:00.360,20260409,93000360,000009.SZ,817423,1,0,8.78,1200
2026-04-09 09:30:00.360,20260409,93000360,000009.SZ,817433,1,0,8.78,2900
2026-04-09 09:30:00.360,20260409,93000360,000009.SZ,817435,1,0,8.78,1300
2026-04-09 09:30:00.360,20260409,93000360,000009.SZ,817438,1,0,8.78,1800
2026-04-09 09:30:00.360,20260409,93000360,000009.SZ,817444,1,0,8.8,2000
2026-04-09 09:30:00.360,20260409,93000360,000009.SZ,817470,1,0,8.78,1500
2026-04-09 09:30:00.360,20260409,93000360,000009.SZ,817485,1,0,8.78,1400
2026-04-09 09:30:00.360,20260409,93000360,000009.SZ,817487,1,0,8.78,1500
2026-04-09 09:30:00.360,20260409,93000360,000009.SZ,817494,1,0,8.78,800
2026-04-09 09:30:00.360,20260409,93000360,000009.SZ,817497,1,0,8.78,3500
2026-04-09 09:30:00.360,20260409,93000360,000009.SZ,817546,1,0,8.78,1500
2026-04-09 09:30:00.360,20260409,93000360,000009.SZ,817554,1,0,8.78,900
2026-04-09 09:30:00.360,20260409,93000360,000009.SZ,817557,1,0,8.78,1000
2026-04-09 09:30:00.360,20260409,93000360,000009.SZ,817558,1,0,8.78,1400
2026-04-09 09:30:00.360,20260409,93000360,000009.SZ,817560,1,0,8.78,400
2026-04-09 09:30:00.360,20260409,93000360,000009.SZ,817591,2,0,9.1,2700
2026-04-09 09:30:00.360,20260409,93000360,000009.SZ,817602,1,0,8.78,200
2026-04-09 09:30:00.360,20260409,93000360,000009.SZ,817609,1,0,8.78,300
2026-04-09 09:30:00.360,20260409,93000360,000009.SZ,817631,1,0,8.78,2300
2026-04-09 09:30:00.360,20260409,93000360,000009.SZ,817644,1,0,8.78,1500
2026-04-09 09:30:00.360,20260409,93000360,000009.SZ,817690,1,0,8.78,2200
2026-04-09 09:30:00.360,20260409,93000360,000009.SZ,817701,1,0,8.78,1500
2026-04-09 09:30:00.360,20260409,93000360,000009.SZ,817836,1,0,8.77,1700
2026-04-09 09:30:00.360,20260409,93000360,000009.SZ,818021,1,0,8.78,200
2026-04-09 09:30:00.360,20260409,93000360,000009.SZ,818097,1,0,8.78,300
2026-04-09 09:30:00.360,20260409,93000360,000009.SZ,818223,1,0,8.81,900
2026-04-09 09:30:00.360,20260409,93000360,000009.SZ,818247,1,0,8.8,200
2026-04-09 09:30:00.360,20260409,93000360,000009.SZ,818260,1,0,8.78,14000
2026-04-09 09:30:00.360,20260409,93000360,000009.SZ,818277,1,0,8.81,600
2026-04-09 09:30:00.360,20260409,93000360,000009.SZ,818298,1,0,8.8,200
2026-04-09 09:30:00.360,20260409,93000360,000009.SZ,818320,1,0,8.8,400
2026-04-09 09:30:00.360,20260409,93000360,000009.SZ,818385,1,0,8.8,200
2026-04-09 09:30:00.370,20260409,93000370,000009.SZ,819899,1,0,8.78,700
2026-04-09 09:30:00.370,20260409,93000370,000009.SZ,819901,1,0,8.78,1000
2026-04-09 09:30:00.370,20260409,93000370,000009.SZ,819937,1,0,8.78,1100
2026-04-09 09:30:00.370,20260409,93000370,000009.SZ,819946,1,0,8.78,5300
2026-04-09 09:30:00.370,20260409,93000370,000009.SZ,819947,1,0,8.78,200
2026-04-09 09:30:00.370,20260409,93000370,000009.SZ,820486,1,0,8.8,400
2026-04-09 09:30:00.370,20260409,93000370,000009.SZ,820588,1,0,8.8,400
2026-04-09 09:30:00.370,20260409,93000370,000009.SZ,822037,2,0,9.5,500
2026-04-09 09:30:00.380,20260409,93000380,000009.SZ,823666,2,0,8.93,29000
2026-04-09 09:30:00.390,20260409,93000390,000009.SZ,826058,2,0,8.78,500
2026-04-09 09:30:00.390,20260409,93000390,000009.SZ,826241,2,0,8.79,100
2026-04-09 09:30:00.400,20260409,93000400,000009.SZ,827285,2,0,8.8,1000
2026-04-09 09:30:00.400,20260409,93000400,000009.SZ,827802,2,0,8.76,100
2026-04-09 09:30:00.400,20260409,93000400,000009.SZ,828208,2,0,8.82,3800
2026-04-09 09:30:00.400,20260409,93000400,000009.SZ,828882,2,0,9.03,1000
2026-04-09 09:30:00.410,20260409,93000410,000009.SZ,830744,2,0,9.03,11700
2026-04-09 09:30:00.440,20260409,93000440,000009.SZ,835595,2,0,8.98,1000
2026-04-09 09:30:00.440,20260409,93000440,000009.SZ,835606,2,0,9.18,300
2026-04-09 09:30:00.450,20260409,93000450,000009.SZ,838065,2,0,9.2,500
2026-04-09 09:30:00.460,20260409,93000460,000009.SZ,838560,1,0,8.5,500
2026-04-09 09:30:00.470,20260409,93000470,000009.SZ,840417,1,0,8.7,1000
2026-04-09 09:30:00.470,20260409,93000470,000009.SZ,840770,2,0,8.9,1600
2026-04-09 09:30:00.490,20260409,93000490,000009.SZ,845361,1,0,8.71,1000
2026-04-09 09:30:00.500,20260409,93000500,000009.SZ,845684,2,0,8.88,2000
2026-04-09 09:30:00.500,20260409,93000500,000009.SZ,845688,2,0,8.88,500
2026-04-09 09:30:00.500,20260409,93000500,000009.SZ,847229,1,0,8.76,100
2026-04-09 09:30:00.510,20260409,93000510,000009.SZ,848702,2,0,9.19,100
2026-04-09 09:30:00.530,20260409,93000530,000009.SZ,851906,1,0,8.87,500
2026-04-09 09:30:00.530,20260409,93000530,000009.SZ,852067,2,0,9.08,500
2026-04-09 09:30:00.530,20260409,93000530,000009.SZ,852361,2,0,8.96,1000
2026-04-09 09:30:00.550,20260409,93000550,000009.SZ,856094,1,0,8.67,1000
2026-04-09 09:30:00.550,20260409,93000550,000009.SZ,857470,2,0,8.8,4500
2026-04-09 09:30:00.560,20260409,93000560,000009.SZ,857828,2,0,8.78,300
2026-04-09 09:30:00.580,20260409,93000580,000009.SZ,862517,1,0,8.76,700
2026-04-09 09:30:00.590,20260409,93000590,000009.SZ,864637,2,0,8.78,5100
2026-04-09 09:30:00.590,20260409,93000590,000009.SZ,865271,2,0,8.7,10000
2026-04-09 09:30:00.600,20260409,93000600,000009.SZ,866743,1,0,8.71,1000
2026-04-09 09:30:00.600,20260409,93000600,000009.SZ,867251,2,0,8.78,12500
2026-04-09 09:30:00.610,20260409,93000610,000009.SZ,868092,1,0,8.73,1000
2026-04-09 09:30:00.610,20260409,93000610,000009.SZ,868658,1,0,8.65,200
2026-04-09 09:30:00.610,20260409,93000610,000009.SZ,868663,2,0,8.79,200
2026-04-09 09:30:00.620,20260409,93000620,000009.SZ,870889,2,0,9.74,3000
2026-04-09 09:30:00.640,20260409,93000640,000009.SZ,873223,1,0,8.72,2000
2026-04-09 09:30:00.640,20260409,93000640,000009.SZ,873873,2,0,9.52,1900
2026-04-09 09:30:00.640,20260409,93000640,000009.SZ,874458,2,0,9.72,4000
2026-04-09 09:30:00.640,20260409,93000640,000009.SZ,874657,2,0,8.78,1500
2026-04-09 09:30:00.640,20260409,93000640,000009.SZ,874684,1,0,8.76,4700
2026-04-09 09:30:00.640,20260409,93000640,000009.SZ,874860,1,0,8.51,1000
2026-04-09 09:30:00.660,20260409,93000660,000009.SZ,877245,1,0,8.75,500
2026-04-09 09:30:00.660,20260409,93000660,000009.SZ,877406,1,0,8.7,1000
2026-04-09 09:30:00.660,20260409,93000660,000009.SZ,877512,1,0,8.6,100
2026-04-09 09:30:00.680,20260409,93000680,000009.SZ,880015,2,0,8.75,500
2026-04-09 09:30:00.680,20260409,93000680,000009.SZ,880772,1,0,8.7,2000
2026-04-09 09:30:00.690,20260409,93000690,000009.SZ,883007,1,0,8.72,2000
2026-04-09 09:30:00.700,20260409,93000700,000009.SZ,883853,2,0,9.6,800
2026-04-09 09:30:00.720,20260409,93000720,000009.SZ,888675,2,0,8.78,8200
2026-04-09 09:30:00.720,20260409,93000720,000009.SZ,889087,1,0,8.61,300
2026-04-09 09:30:00.720,20260409,93000720,000009.SZ,889097,2,0,8.9,3900
2026-04-09 09:30:00.730,20260409,93000730,000009.SZ,890531,2,0,8.76,1000
2026-04-09 09:30:00.730,20260409,93000730,000009.SZ,890727,1,0,8.63,3100
2026-04-09 09:30:00.740,20260409,93000740,000009.SZ,891308,2,0,8.78,200
2026-04-09 09:30:00.750,20260409,93000750,000009.SZ,893788,1,0,8.75,3000
2026-04-09 09:30:00.750,20260409,93000750,000009.SZ,894342,2,0,8.81,1200
2026-04-09 09:30:00.760,20260409,93000760,000009.SZ,895946,1,0,8.7,500
2026-04-09 09:30:00.780,20260409,93000780,000009.SZ,897831,2,0,8.77,2000
2026-04-09 09:30:00.780,20260409,93000780,000009.SZ,898397,1,0,8.7,100
2026-04-09 09:30:00.780,20260409,93000780,000009.SZ,898618,2,0,8.82,3000
2026-04-09 09:30:00.790,20260409,93000790,000009.SZ,900227,1,0,8.77,2000
2026-04-09 09:30:00.800,20260409,93000800,000009.SZ,901401,2,0,9.06,200
2026-04-09 09:30:00.800,20260409,93000800,000009.SZ,901590,2,0,8.9,1900
2026-04-09 09:30:00.800,20260409,93000800,000009.SZ,901966,2,0,8.88,700
2026-04-09 09:30:00.800,20260409,93000800,000009.SZ,902012,2,0,8.79,1500
2026-04-09 09:30:00.810,20260409,93000810,000009.SZ,902623,2,0,8.99,2500
2026-04-09 09:30:00.820,20260409,93000820,000009.SZ,904386,1,0,8.68,300
2026-04-09 09:30:00.830,20260409,93000830,000009.SZ,905609,2,0,9.17,300
2026-04-09 09:30:00.850,20260409,93000850,000009.SZ,908928,2,0,9.74,600
2026-04-09 09:30:00.860,20260409,93000860,000009.SZ,909542,1,0,8.75,1000
2026-04-09 09:30:00.870,20260409,93000870,000009.SZ,910636,2,0,9.7,5000
2026-04-09 09:30:00.900,20260409,93000900,000009.SZ,917440,1,0,8.3,500
2026-04-09 09:30:00.920,20260409,93000920,000009.SZ,919507,1,0,8.65,1700
2026-04-09 09:30:00.920,20260409,93000920,000009.SZ,919685,1,0,8.63,2700
2026-04-09 09:30:00.920,20260409,93000920,000009.SZ,919967,1,0,8.62,2700
2026-04-09 09:30:00.920,20260409,93000920,000009.SZ,920213,1,0,8.61,2700
2026-04-09 09:30:00.920,20260409,93000920,000009.SZ,920472,2,0,8.8,11900
2026-04-09 09:30:00.940,20260409,93000940,000009.SZ,923160,1,0,8.6,2700
2026-04-09 09:30:00.950,20260409,93000950,000009.SZ,923595,1,0,8.61,2700
2026-04-09 09:30:00.950,20260409,93000950,000009.SZ,923969,1,0,8.66,2700
2026-04-09 09:30:00.960,20260409,93000960,000009.SZ,925211,1,0,8.78,1000
2026-04-09 09:30:00.970,20260409,93000970,000009.SZ,926495,2,0,8.88,500
2026-04-09 09:30:00.970,20260409,93000970,000009.SZ,927339,1,0,7.97,1000
2026-04-09 09:30:00.980,20260409,93000980,000009.SZ,928297,2,0,8.78,1900
2026-04-09 09:30:00.980,20260409,93000980,000009.SZ,929003,1,0,8.6,2700
2026-04-09 09:30:00.980,20260409,93000980,000009.SZ,929686,1,0,8.78,200
2026-04-09 09:30:01.000,20260409,93001000,000009.SZ,931327,1,0,8.77,200
2026-04-09 09:30:01.010,20260409,93001010,000009.SZ,933719,2,0,8.84,6000
2026-04-09 09:30:01.010,20260409,93001010,000009.SZ,933864,2,0,8.78,5500
2026-04-09 09:30:01.020,20260409,93001020,000009.SZ,934463,2,0,8.89,8800
2026-04-09 09:30:01.030,20260409,93001030,000009.SZ,936400,2,0,8.78,5000
2026-04-09 09:30:01.040,20260409,93001040,000009.SZ,937473,1,0,8.8,500
2026-04-09 09:30:01.040,20260409,93001040,000009.SZ,937714,1,0,8.66,10000
2026-04-09 09:30:01.050,20260409,93001050,000009.SZ,938856,2,0,8.88,22200
2026-04-09 09:30:01.060,20260409,93001060,000009.SZ,940159,1,0,8.71,2400
2026-04-09 09:30:01.070,20260409,93001070,000009.SZ,941832,2,0,8.79,5000
2026-04-09 09:30:01.090,20260409,93001090,000009.SZ,944274,2,0,8.78,500
2026-04-09 09:30:01.100,20260409,93001100,000009.SZ,945321,2,0,9.69,500
2026-04-09 09:30:01.110,20260409,93001110,000009.SZ,946447,2,0,9.74,500
2026-04-09 09:30:01.130,20260409,93001130,000009.SZ,948896,2,0,8.89,10000
2026-04-09 09:30:01.140,20260409,93001140,000009.SZ,949841,1,0,8.67,400
2026-04-09 09:30:01.150,20260409,93001150,000009.SZ,951538,2,0,8.82,2000
2026-04-09 09:30:01.180,20260409,93001180,000009.SZ,954007,1,0,8.69,500
2026-04-09 09:30:01.180,20260409,93001180,000009.SZ,955207,1,0,8.76,700
2026-04-09 09:30:01.230,20260409,93001230,000009.SZ,960100,2,0,9.2,1000
2026-04-09 09:30:01.250,20260409,93001250,000009.SZ,962418,2,0,9.19,200
2026-04-09 09:30:01.260,20260409,93001260,000009.SZ,962954,2,0,9.37,200
2026-04-09 09:30:01.260,20260409,93001260,000009.SZ,963044,2,0,8.99,300
2026-04-09 09:30:01.260,20260409,93001260,000009.SZ,963176,2,0,8.84,1000
2026-04-09 09:30:01.270,20260409,93001270,000009.SZ,964423,2,0,8.79,5800
2026-04-09 09:30:01.280,20260409,93001280,000009.SZ,964960,1,0,8.6,1000
2026-04-09 09:30:01.320,20260409,93001320,000009.SZ,969554,2,0,9.74,900
2026-04-09 09:30:01.340,20260409,93001340,000009.SZ,971028,1,0,8.68,900
2026-04-09 09:30:01.340,20260409,93001340,000009.SZ,971547,2,0,8.94,1000
2026-04-09 09:30:01.370,20260409,93001370,000009.SZ,974658,2,0,9.55,200
2026-04-09 09:30:01.370,20260409,93001370,000009.SZ,975316,2,0,8.95,100
2026-04-09 09:30:01.380,20260409,93001380,000009.SZ,976330,1,0,8.79,1000
2026-04-09 09:30:01.390,20260409,93001390,000009.SZ,977164,2,0,8.78,8600
2026-04-09 09:30:01.420,20260409,93001420,000009.SZ,980219,1,0,8.72,2000
2026-04-09 09:30:01.420,20260409,93001420,000009.SZ,980630,2,0,8.89,400
2026-04-09 09:30:01.430,20260409,93001430,000009.SZ,981212,1,0,8.73,1900
2026-04-09 09:30:01.430,20260409,93001430,000009.SZ,981442,1,0,8.92,600
2026-04-09 09:30:01.430,20260409,93001430,000009.SZ,981765,1,0,8.66,5000
2026-04-09 09:30:01.440,20260409,93001440,000009.SZ,983068,1,0,8.78,2000
2026-04-09 09:30:01.460,20260409,93001460,000009.SZ,984437,2,0,8.78,3600
2026-04-09 09:30:01.460,20260409,93001460,000009.SZ,984577,1,0,8.49,500
2026-04-09 09:30:01.460,20260409,93001460,000009.SZ,985183,2,0,8.78,2200
2026-04-09 09:30:01.470,20260409,93001470,000009.SZ,985517,2,0,8.85,1800
2026-04-09 09:30:01.480,20260409,93001480,000009.SZ,987005,1,0,8.48,1000
2026-04-09 09:30:01.500,20260409,93001500,000009.SZ,990411,1,0,8.7,1000
2026-04-09 09:30:01.510,20260409,93001510,000009.SZ,991578,2,0,8.78,1000
2026-04-09 09:30:01.510,20260409,93001510,000009.SZ,991807,1,0,8.45,2000
2026-04-09 09:30:01.510,20260409,93001510,000009.SZ,991903,1,0,8.66,200
2026-04-09 09:30:01.550,20260409,93001550,000009.SZ,995751,2,0,9.0,500
2026-04-09 09:30:01.550,20260409,93001550,000009.SZ,996151,2,0,9.73,10900
2026-04-09 09:30:01.560,20260409,93001560,000009.SZ,996603,2,0,8.77,200
2026-04-09 09:30:01.560,20260409,93001560,000009.SZ,996685,1,0,8.71,1000
2026-04-09 09:30:01.560,20260409,93001560,000009.SZ,996794,1,0,8.77,600
2026-04-09 09:30:01.560,20260409,93001560,000009.SZ,997510,2,0,8.79,800
2026-04-09 09:30:01.590,20260409,93001590,000009.SZ,999919,2,0,8.94,100
2026-04-09 09:30:01.600,20260409,93001600,000009.SZ,1001360,2,0,8.77,100
2026-04-09 09:30:01.620,20260409,93001620,000009.SZ,1003352,1,0,8.76,2000
2026-04-09 09:30:01.620,20260409,93001620,000009.SZ,1003419,2,0,9.05,2400
2026-04-09 09:30:01.670,20260409,93001670,000009.SZ,1010324,2,0,8.8,2400
2026-04-09 09:30:01.700,20260409,93001700,000009.SZ,1012709,2,0,8.9,1000
2026-04-09 09:30:01.710,20260409,93001710,000009.SZ,1013576,2,0,8.74,3900
2026-04-09 09:30:01.710,20260409,93001710,000009.SZ,1014060,2,0,8.89,1000
2026-04-09 09:30:01.720,20260409,93001720,000009.SZ,1014556,2,0,8.89,3000
2026-04-09 09:30:01.720,20260409,93001720,000009.SZ,1015084,1,0,8.41,2500
2026-04-09 09:30:01.730,20260409,93001730,000009.SZ,1015394,1,0,8.75,100
2026-04-09 09:30:01.770,20260409,93001770,000009.SZ,1019971,2,0,9.36,500
2026-04-09 09:30:01.790,20260409,93001790,000009.SZ,1023858,2,0,9.7,500
2026-04-09 09:30:01.840,20260409,93001840,000009.SZ,1029680,2,0,8.88,1800
2026-04-09 09:30:01.850,20260409,93001850,000009.SZ,1031282,2,0,8.83,5400
2026-04-09 09:30:01.860,20260409,93001860,000009.SZ,1031697,2,0,8.79,1200
2026-04-09 09:30:01.920,20260409,93001920,000009.SZ,1037098,2,0,8.9,3000
2026-04-09 09:30:01.950,20260409,93001950,000009.SZ,1038763,1,0,8.6,5000
2026-04-09 09:30:01.950,20260409,93001950,000009.SZ,1038810,2,0,8.9,1200
2026-04-09 09:30:01.970,20260409,93001970,000009.SZ,1041994,1,0,8.41,500
2026-04-09 09:30:02.000,20260409,93002000,000009.SZ,1045111,1,0,8.75,1500
2026-04-09 09:30:02.030,20260409,93002030,000009.SZ,1048226,2,0,8.89,2000
2026-04-09 09:30:02.030,20260409,93002030,000009.SZ,1048657,1,0,8.76,500
2026-04-09 09:30:02.040,20260409,93002040,000009.SZ,1049578,2,0,8.99,500
2026-04-09 09:30:02.050,20260409,93002050,000009.SZ,1050128,2,0,8.77,100
2026-04-09 09:30:02.050,20260409,93002050,000009.SZ,1050398,2,1,0.0,300
2026-04-09 09:30:02.090,20260409,93002090,000009.SZ,1054095,2,0,8.83,1000
2026-04-09 09:30:02.120,20260409,93002120,000009.SZ,1056928,2,0,8.93,6000
2026-04-09 09:30:02.130,20260409,93002130,000009.SZ,1057375,2,0,8.89,10000
2026-04-09 09:30:02.160,20260409,93002160,000009.SZ,1059798,2,0,9.74,700
2026-04-09 09:30:02.220,20260409,93002220,000009.SZ,1064276,2,0,8.92,4300
2026-04-09 09:30:02.230,20260409,93002230,000009.SZ,1064839,2,0,8.78,9000
2026-04-09 09:30:02.240,20260409,93002240,000009.SZ,1065611,1,0,8.5,500
2026-04-09 09:30:02.250,20260409,93002250,000009.SZ,1066132,1,0,8.52,400
2026-04-09 09:30:02.260,20260409,93002260,000009.SZ,1066925,2,0,9.38,1500
2026-04-09 09:30:02.270,20260409,93002270,000009.SZ,1068001,1,0,8.79,500
2026-04-09 09:30:02.270,20260409,93002270,000009.SZ,1068317,2,0,9.7,100
2026-04-09 09:30:02.280,20260409,93002280,000009.SZ,1069693,2,0,9.15,10000
2026-04-09 09:30:02.290,20260409,93002290,000009.SZ,1069710,2,0,9.2,10000
2026-04-09 09:30:02.290,20260409,93002290,000009.SZ,1070117,2,0,9.25,10000
2026-04-09 09:30:02.300,20260409,93002300,000009.SZ,1071239,2,0,8.89,1000
2026-04-09 09:30:02.300,20260409,93002300,000009.SZ,1071276,2,0,8.79,900
2026-04-09 09:30:02.350,20260409,93002350,000009.SZ,1074686,2,0,8.78,500
2026-04-09 09:30:02.350,20260409,93002350,000009.SZ,1074738,2,0,9.13,3000
2026-04-09 09:30:02.370,20260409,93002370,000009.SZ,1076805,1,0,8.41,1000
2026-04-09 09:30:02.380,20260409,93002380,000009.SZ,1077599,2,0,8.78,1500
2026-04-09 09:30:02.430,20260409,93002430,000009.SZ,1081222,2,0,8.8,1000
2026-04-09 09:30:02.440,20260409,93002440,000009.SZ,1081591,1,0,8.7,500
2026-04-09 09:30:02.440,20260409,93002440,000009.SZ,1082318,2,0,8.78,100
2026-04-09 09:30:02.450,20260409,93002450,000009.SZ,1082723,2,0,8.84,65000
2026-04-09 09:30:02.460,20260409,93002460,000009.SZ,1083638,1,0,8.73,100
2026-04-09 09:30:02.500,20260409,93002500,000009.SZ,1086498,2,0,9.5,1100
2026-04-09 09:30:02.520,20260409,93002520,000009.SZ,1087800,2,0,9.1,10000
2026-04-09 09:30:02.530,20260409,93002530,000009.SZ,1089510,2,0,8.91,4300
2026-04-09 09:30:02.540,20260409,93002540,000009.SZ,1090526,2,0,9.09,800
2026-04-09 09:30:02.580,20260409,93002580,000009.SZ,1093802,2,0,8.88,2000
2026-04-09 09:30:02.590,20260409,93002590,000009.SZ,1094501,2,0,9.73,2300
2026-04-09 09:30:02.600,20260409,93002600,000009.SZ,1095119,2,0,9.3,20000
2026-04-09 09:30:02.600,20260409,93002600,000009.SZ,1095334,2,0,9.35,20000
2026-04-09 09:30:02.600,20260409,93002600,000009.SZ,1095519,2,0,8.82,20000
2026-04-09 09:30:02.610,20260409,93002610,000009.SZ,1096171,2,0,8.78,2000
2026-04-09 09:30:02.610,20260409,93002610,000009.SZ,1096176,1,0,8.76,1000
2026-04-09 09:30:02.630,20260409,93002630,000009.SZ,1098249,1,0,8.75,700
2026-04-09 09:30:02.640,20260409,93002640,000009.SZ,1098753,2,0,8.95,500
2026-04-09 09:30:02.650,20260409,93002650,000009.SZ,1099016,2,0,9.2,600
2026-04-09 09:30:02.680,20260409,93002680,000009.SZ,1101456,1,0,8.81,100
2026-04-09 09:30:02.700,20260409,93002700,000009.SZ,1102183,2,0,8.77,100
2026-04-09 09:30:02.710,20260409,93002710,000009.SZ,1103455,2,0,9.0,6000
2026-04-09 09:30:02.730,20260409,93002730,000009.SZ,1104288,1,0,8.65,2000
2026-04-09 09:30:02.740,20260409,93002740,000009.SZ,1104975,2,0,9.06,100
2026-04-09 09:30:02.740,20260409,93002740,000009.SZ,1105426,1,0,8.64,100
2026-04-09 09:30:02.760,20260409,93002760,000009.SZ,1107408,1,0,8.33,100
2026-04-09 09:30:02.780,20260409,93002780,000009.SZ,1108721,2,0,8.91,5000
2026-04-09 09:30:02.790,20260409,93002790,000009.SZ,1109628,1,0,8.72,700
2026-04-09 09:30:02.790,20260409,93002790,000009.SZ,1110023,1,0,8.66,68600
2026-04-09 09:30:02.840,20260409,93002840,000009.SZ,1113169,2,0,8.78,6700
2026-04-09 09:30:02.860,20260409,93002860,000009.SZ,1114246,2,0,8.79,11400
2026-04-09 09:30:02.890,20260409,93002890,000009.SZ,1116229,2,0,8.78,1000
2026-04-09 09:30:02.900,20260409,93002900,000009.SZ,1116665,2,0,8.79,700
2026-04-09 09:30:02.920,20260409,93002920,000009.SZ,1117575,2,0,8.95,2900
2026-04-09 09:30:02.950,20260409,93002950,000009.SZ,1119562,1,0,8.61,1000
2026-04-09 09:30:02.960,20260409,93002960,000009.SZ,1120207,2,0,9.74,100
2026-04-09 09:30:02.960,20260409,93002960,000009.SZ,1120340,2,0,9.15,100
2026-04-09 09:30:02.970,20260409,93002970,000009.SZ,1121081,2,0,9.74,50000
2026-04-09 09:30:02.970,20260409,93002970,000009.SZ,1121391,2,0,8.83,1000
2026-04-09 09:30:02.980,20260409,93002980,000009.SZ,1121914,2,0,8.76,5600
2026-04-09 09:30:03.000,20260409,93003000,000009.SZ,1123552,1,0,8.79,100
2026-04-09 09:30:03.010,20260409,93003010,000009.SZ,1124072,2,0,8.84,50000
2026-04-09 09:30:03.010,20260409,93003010,000009.SZ,1124162,2,0,9.18,500
2026-04-09 09:30:03.020,20260409,93003020,000009.SZ,1124755,2,0,9.0,1000
2026-04-09 09:30:03.020,20260409,93003020,000009.SZ,1124901,2,0,8.78,1000
2026-04-09 09:30:03.030,20260409,93003030,000009.SZ,1125924,2,0,9.09,500
2026-04-09 09:30:03.050,20260409,93003050,000009.SZ,1126952,2,0,8.75,700
2026-04-09 09:30:03.060,20260409,93003060,000009.SZ,1127974,1,0,8.72,600
2026-04-09 09:30:03.060,20260409,93003060,000009.SZ,1127994,2,0,8.76,2500
2026-04-09 09:30:03.070,20260409,93003070,000009.SZ,1128399,2,0,8.88,3000
2026-04-09 09:30:03.070,20260409,93003070,000009.SZ,1128639,2,0,8.95,400
2026-04-09 09:30:03.130,20260409,93003130,000009.SZ,1132107,2,0,8.79,1000
2026-04-09 09:30:03.130,20260409,93003130,000009.SZ,1132582,2,0,9.08,2000
2026-04-09 09:30:03.150,20260409,93003150,000009.SZ,1133873,1,0,8.78,700
2026-04-09 09:30:03.150,20260409,93003150,000009.SZ,1133881,1,0,8.78,700
2026-04-09 09:30:03.150,20260409,93003150,000009.SZ,1133885,1,0,8.78,700
2026-04-09 09:30:03.150,20260409,93003150,000009.SZ,1133894,1,0,8.78,500
2026-04-09 09:30:03.150,20260409,93003150,000009.SZ,1133933,1,0,8.78,400
2026-04-09 09:30:03.150,20260409,93003150,000009.SZ,1133979,1,0,8.78,600
2026-04-09 09:30:03.160,20260409,93003160,000009.SZ,1134060,2,0,8.78,1000
2026-04-09 09:30:03.160,20260409,93003160,000009.SZ,1134076,1,0,8.5,6000
2026-04-09 09:30:03.160,20260409,93003160,000009.SZ,1134101,2,0,8.76,2000
2026-04-09 09:30:03.160,20260409,93003160,000009.SZ,1134145,1,0,8.78,600
2026-04-09 09:30:03.170,20260409,93003170,000009.SZ,1134573,1,0,8.77,200
2026-04-09 09:30:03.170,20260409,93003170,000009.SZ,1134898,2,0,8.78,200
2026-04-09 09:30:03.170,20260409,93003170,000009.SZ,1134992,1,0,8.78,400
2026-04-09 09:30:03.180,20260409,93003180,000009.SZ,1135590,1,0,8.71,1000
2026-04-09 09:30:03.200,20260409,93003200,000009.SZ,1136801,1,0,8.78,100
2026-04-09 09:30:03.200,20260409,93003200,000009.SZ,1136852,1,0,8.78,600
2026-04-09 09:30:03.200,20260409,93003200,000009.SZ,1136860,1,0,8.78,600
2026-04-09 09:30:03.210,20260409,93003210,000009.SZ,1137249,1,0,8.65,100000
2026-04-09 09:30:03.240,20260409,93003240,000009.SZ,1140214,2,0,9.4,10000
2026-04-09 09:30:03.250,20260409,93003250,000009.SZ,1140539,2,0,8.85,300
2026-04-09 09:30:03.260,20260409,93003260,000009.SZ,1141261,2,0,8.9,500
2026-04-09 09:30:03.270,20260409,93003270,000009.SZ,1142165,2,0,8.8,300
2026-04-09 09:30:03.330,20260409,93003330,000009.SZ,1146583,1,0,8.65,2000
2026-04-09 09:30:03.330,20260409,93003330,000009.SZ,1147267,1,0,8.61,600
2026-04-09 09:30:03.350,20260409,93003350,000009.SZ,1148560,1,0,8.32,200
2026-04-09 09:30:03.360,20260409,93003360,000009.SZ,1149080,2,0,9.12,2000
2026-04-09 09:30:03.390,20260409,93003390,000009.SZ,1151344,2,0,9.12,2400
2026-04-09 09:30:03.410,20260409,93003410,000009.SZ,1153490,1,0,8.79,100
2026-04-09 09:30:03.420,20260409,93003420,000009.SZ,1153790,2,0,8.89,2100
2026-04-09 09:30:03.450,20260409,93003450,000009.SZ,1156049,2,0,8.84,800
2026-04-09 09:30:03.450,20260409,93003450,000009.SZ,1156296,2,0,8.8,100
2026-04-09 09:30:03.450,20260409,93003450,000009.SZ,1156719,1,0,8.6,400
2026-04-09 09:30:03.450,20260409,93003450,000009.SZ,1156734,2,0,9.74,5000
2026-04-09 09:30:03.460,20260409,93003460,000009.SZ,1157331,2,0,9.0,2300
2026-04-09 09:30:03.530,20260409,93003530,000009.SZ,1162426,2,0,9.68,2000
2026-04-09 09:30:03.540,20260409,93003540,000009.SZ,1163847,2,0,9.74,1900
2026-04-09 09:30:03.550,20260409,93003550,000009.SZ,1164978,1,0,8.78,200
2026-04-09 09:30:03.580,20260409,93003580,000009.SZ,1167413,2,0,8.83,100
2026-04-09 09:30:03.590,20260409,93003590,000009.SZ,1168599,2,0,8.95,400
2026-04-09 09:30:03.620,20260409,93003620,000009.SZ,1170475,1,0,8.78,200
2026-04-09 09:30:03.680,20260409,93003680,000009.SZ,1173835,2,0,8.83,67200
2026-04-09 09:30:03.730,20260409,93003730,000009.SZ,1176606,1,0,8.65,2000
2026-04-09 09:30:03.740,20260409,93003740,000009.SZ,1177572,2,0,9.66,300
2026-04-09 09:30:03.750,20260409,93003750,000009.SZ,1178066,1,0,8.65,500
2026-04-09 09:30:03.780,20260409,93003780,000009.SZ,1180238,2,0,8.99,500
2026-04-09 09:30:03.850,20260409,93003850,000009.SZ,1185027,2,0,8.78,2000
2026-04-09 09:30:03.850,20260409,93003850,000009.SZ,1185360,1,0,8.5,1000
2026-04-09 09:30:03.890,20260409,93003890,000009.SZ,1188044,2,0,8.88,1000
2026-04-09 09:30:03.940,20260409,93003940,000009.SZ,1190692,2,0,9.2,1000
2026-04-09 09:30:03.960,20260409,93003960,000009.SZ,1191721,2,0,8.98,2000
2026-04-09 09:30:03.980,20260409,93003980,000009.SZ,1193148,2,0,8.82,1000
2026-04-09 09:30:03.990,20260409,93003990,000009.SZ,1193509,1,0,8.65,1000
2026-04-09 09:30:04.060,20260409,93004060,000009.SZ,1196997,2,0,8.83,200
2026-04-09 09:30:04.060,20260409,93004060,000009.SZ,1197001,1,0,8.69,200
2026-04-09 09:30:04.090,20260409,93004090,000009.SZ,1198386,2,0,8.76,100
2026-04-09 09:30:04.100,20260409,93004100,000009.SZ,1198609,2,0,8.76,600
2026-04-09 09:30:04.100,20260409,93004100,000009.SZ,1198644,2,0,8.76,200
2026-04-09 09:30:04.130,20260409,93004130,000009.SZ,1200499,1,0,8.7,9100
2026-04-09 09:30:04.160,20260409,93004160,000009.SZ,1201933,2,0,8.78,1000
2026-04-09 09:30:04.210,20260409,93004210,000009.SZ,1203908,2,0,8.79,8200
2026-04-09 09:30:04.230,20260409,93004230,000009.SZ,1204658,2,0,8.76,700
2026-04-09 09:30:04.260,20260409,93004260,000009.SZ,1205786,2,0,8.76,100
2026-04-09 09:30:04.280,20260409,93004280,000009.SZ,1207226,2,0,8.98,1000
2026-04-09 09:30:04.300,20260409,93004300,000009.SZ,1209131,2,0,8.79,5000
2026-04-09 09:30:04.380,20260409,93004380,000009.SZ,1216527,2,0,8.76,100
2026-04-09 09:30:04.390,20260409,93004390,000009.SZ,1217311,1,0,8.38,200
2026-04-09 09:30:04.420,20260409,93004420,000009.SZ,1218792,2,0,8.9,5000
2026-04-09 09:30:04.420,20260409,93004420,000009.SZ,1219007,2,0,8.78,600
2026-04-09 09:30:04.440,20260409,93004440,000009.SZ,1219685,1,0,8.78,1000
2026-04-09 09:30:04.480,20260409,93004480,000009.SZ,1222053,2,0,8.76,400
2026-04-09 09:30:04.510,20260409,93004510,000009.SZ,1223747,2,0,9.73,3600
2026-04-09 09:30:04.550,20260409,93004550,000009.SZ,1227539,2,0,8.76,200
2026-04-09 09:30:04.610,20260409,93004610,000009.SZ,1231444,1,0,8.73,19500
2026-04-09 09:30:04.660,20260409,93004660,000009.SZ,1233485,1,0,8.4,400
2026-04-09 09:30:04.720,20260409,93004720,000009.SZ,1237854,2,0,8.82,400
2026-04-09 09:30:04.770,20260409,93004770,000009.SZ,1241570,2,0,9.7,1000
2026-04-09 09:30:04.780,20260409,93004780,000009.SZ,1242169,2,0,8.88,2200
2026-04-09 09:30:04.780,20260409,93004780,000009.SZ,1242593,2,0,8.78,200
2026-04-09 09:30:04.800,20260409,93004800,000009.SZ,1243198,1,0,8.65,1300
2026-04-09 09:30:04.800,20260409,93004800,000009.SZ,1243661,2,0,8.8,4900
2026-04-09 09:30:04.900,20260409,93004900,000009.SZ,1248174,2,0,8.88,2000
2026-04-09 09:30:04.950,20260409,93004950,000009.SZ,1249785,1,0,8.73,1000
2026-04-09 09:30:04.960,20260409,93004960,000009.SZ,1250567,2,0,8.76,4800
2026-04-09 09:30:04.980,20260409,93004980,000009.SZ,1251289,1,0,8.73,1000
2026-04-09 09:30:05.020,20260409,93005020,000009.SZ,1252757,1,0,8.68,1000
2026-04-09 09:30:05.080,20260409,93005080,000009.SZ,1255391,2,0,8.95,400
