timestamp,date,stamp,code,order_no,bs_flag,order_type,order_price,order_volume
2026-04-02 09:15:00.010,20260402,91500010,000009.SZ,878,2,0,9.7,1000
2026-04-02 09:15:00.010,20260402,91500010,000009.SZ,979,2,0,8.92,5300
2026-04-02 09:15:00.010,20260402,91500010,000009.SZ,1021,1,0,8.4,100
2026-04-02 09:15:00.020,20260402,91500020,000009.SZ,1335,2,0,9.4,100
2026-04-02 09:15:00.020,20260402,91500020,000009.SZ,1486,2,0,9.69,200
2026-04-02 09:15:00.030,20260402,91500030,000009.SZ,1759,2,0,9.25,5000
2026-04-02 09:15:00.040,20260402,91500040,000009.SZ,4214,1,0,8.3,100
2026-04-02 09:15:00.040,20260402,91500040,000009.SZ,4479,1,0,8.72,200
2026-04-02 09:15:00.040,20260402,91500040,000009.SZ,5424,2,0,8.85,1000
2026-04-02 09:15:00.040,20260402,91500040,000009.SZ,5696,2,0,9.7,100
2026-04-02 09:15:00.040,20260402,91500040,000009.SZ,6126,2,0,9.15,1800
2026-04-02 09:15:00.050,20260402,91500050,000009.SZ,10032,1,0,8.5,500
2026-04-02 09:15:00.050,20260402,91500050,000009.SZ,10033,2,0,9.2,600
2026-04-02 09:15:00.050,20260402,91500050,000009.SZ,10415,2,0,9.0,200
2026-04-02 09:15:00.050,20260402,91500050,000009.SZ,10577,1,0,8.38,600
2026-04-02 09:15:00.050,20260402,91500050,000009.SZ,11097,2,0,8.81,10000
2026-04-02 09:15:00.050,20260402,91500050,000009.SZ,11109,2,0,9.66,2000
2026-04-02 09:15:00.060,20260402,91500060,000009.SZ,12036,2,0,9.1,1100
2026-04-02 09:15:00.060,20260402,91500060,000009.SZ,12121,2,0,9.7,5000
2026-04-02 09:15:00.060,20260402,91500060,000009.SZ,12202,2,0,9.08,1000
2026-04-02 09:15:00.060,20260402,91500060,000009.SZ,12660,2,0,8.75,100
2026-04-02 09:15:00.060,20260402,91500060,000009.SZ,12733,1,0,8.88,3000
2026-04-02 09:15:00.060,20260402,91500060,000009.SZ,12981,2,0,9.63,300
2026-04-02 09:15:00.060,20260402,91500060,000009.SZ,13449,1,0,8.7,300
2026-04-02 09:15:00.060,20260402,91500060,000009.SZ,14584,2,0,9.58,500
2026-04-02 09:15:00.060,20260402,91500060,000009.SZ,16574,2,0,9.56,200
2026-04-02 09:15:00.060,20260402,91500060,000009.SZ,16707,2,0,9.36,100
2026-04-02 09:15:00.060,20260402,91500060,000009.SZ,17182,2,0,9.7,100
2026-04-02 09:15:00.060,20260402,91500060,000009.SZ,17253,2,0,9.11,400
2026-04-02 09:15:00.060,20260402,91500060,000009.SZ,17591,2,0,9.65,100
2026-04-02 09:15:00.060,20260402,91500060,000009.SZ,17805,2,0,9.59,100
2026-04-02 09:15:00.070,20260402,91500070,000009.SZ,18405,2,0,8.92,2500
2026-04-02 09:15:00.070,20260402,91500070,000009.SZ,18623,2,0,9.14,2500
2026-04-02 09:15:00.070,20260402,91500070,000009.SZ,18624,2,0,9.3,10000
2026-04-02 09:15:00.070,20260402,91500070,000009.SZ,18885,2,0,9.1,1200
2026-04-02 09:15:00.070,20260402,91500070,000009.SZ,19137,2,0,9.03,1100
2026-04-02 09:15:00.070,20260402,91500070,000009.SZ,19858,2,0,8.95,700
2026-04-02 09:15:00.070,20260402,91500070,000009.SZ,19866,2,0,9.35,2000
2026-04-02 09:15:00.070,20260402,91500070,000009.SZ,20697,2,0,9.28,300
2026-04-02 09:15:00.070,20260402,91500070,000009.SZ,21224,2,0,9.59,1300
2026-04-02 09:15:00.070,20260402,91500070,000009.SZ,21570,1,0,8.41,1700
2026-04-02 09:15:00.070,20260402,91500070,000009.SZ,21677,2,0,9.7,500
2026-04-02 09:15:00.070,20260402,91500070,000009.SZ,22114,2,0,9.68,2100
2026-04-02 09:15:00.080,20260402,91500080,000009.SZ,23686,2,0,9.69,1500
2026-04-02 09:15:00.080,20260402,91500080,000009.SZ,23707,2,0,9.7,11000
2026-04-02 09:15:00.080,20260402,91500080,000009.SZ,24751,1,0,8.68,200
2026-04-02 09:15:00.080,20260402,91500080,000009.SZ,25200,2,0,8.98,1100
2026-04-02 09:15:00.080,20260402,91500080,000009.SZ,25312,2,0,9.69,600
2026-04-02 09:15:00.090,20260402,91500090,000009.SZ,27176,1,0,8.5,200
2026-04-02 09:15:00.090,20260402,91500090,000009.SZ,27311,2,0,9.7,200
2026-04-02 09:15:00.090,20260402,91500090,000009.SZ,27533,2,0,9.5,2300
2026-04-02 09:15:00.090,20260402,91500090,000009.SZ,28018,2,0,9.06,400
2026-04-02 09:15:00.090,20260402,91500090,000009.SZ,28050,2,0,9.7,100
2026-04-02 09:15:00.090,20260402,91500090,000009.SZ,28488,2,0,9.32,100
2026-04-02 09:15:00.090,20260402,91500090,000009.SZ,28516,2,0,9.39,1000
2026-04-02 09:15:00.090,20260402,91500090,000009.SZ,28985,2,0,9.7,500
2026-04-02 09:15:00.090,20260402,91500090,000009.SZ,29721,2,0,9.29,800
2026-04-02 09:15:00.090,20260402,91500090,000009.SZ,29987,2,0,9.18,1000
2026-04-02 09:15:00.090,20260402,91500090,000009.SZ,29988,2,0,9.33,1000
2026-04-02 09:15:00.090,20260402,91500090,000009.SZ,30459,2,0,9.37,500
2026-04-02 09:15:00.090,20260402,91500090,000009.SZ,30463,1,0,8.69,4000
2026-04-02 09:15:00.090,20260402,91500090,000009.SZ,30654,2,0,9.19,1000
2026-04-02 09:15:00.090,20260402,91500090,000009.SZ,31070,2,0,9.7,1000
2026-04-02 09:15:00.100,20260402,91500100,000009.SZ,31773,2,0,9.63,400
2026-04-02 09:15:00.100,20260402,91500100,000009.SZ,32025,2,0,8.99,500
2026-04-02 09:15:00.100,20260402,91500100,000009.SZ,32030,2,0,9.07,500
2026-04-02 09:15:00.100,20260402,91500100,000009.SZ,32907,2,0,9.18,5000
2026-04-02 09:15:00.100,20260402,91500100,000009.SZ,33946,1,0,8.18,300
2026-04-02 09:15:00.100,20260402,91500100,000009.SZ,34605,1,0,7.94,4000
2026-04-02 09:15:00.100,20260402,91500100,000009.SZ,34750,2,0,9.7,400
2026-04-02 09:15:00.110,20260402,91500110,000009.SZ,36291,2,0,9.11,500
2026-04-02 09:15:00.110,20260402,91500110,000009.SZ,36316,2,0,9.39,500
2026-04-02 09:15:00.110,20260402,91500110,000009.SZ,36337,1,0,8.51,5000
2026-04-02 09:15:00.110,20260402,91500110,000009.SZ,36529,2,0,9.2,5000
2026-04-02 09:15:00.110,20260402,91500110,000009.SZ,36715,2,0,9.7,1400
2026-04-02 09:15:00.110,20260402,91500110,000009.SZ,37201,1,0,8.3,100
2026-04-02 09:15:00.110,20260402,91500110,000009.SZ,37238,2,0,9.2,1400
2026-04-02 09:15:00.110,20260402,91500110,000009.SZ,37285,2,0,9.69,100
2026-04-02 09:15:00.110,20260402,91500110,000009.SZ,38060,1,0,8.41,500
2026-04-02 09:15:00.110,20260402,91500110,000009.SZ,38222,2,0,9.69,35000
2026-04-02 09:15:00.110,20260402,91500110,000009.SZ,38223,2,0,9.59,20000
2026-04-02 09:15:00.110,20260402,91500110,000009.SZ,38235,1,0,8.41,10000
2026-04-02 09:15:00.110,20260402,91500110,000009.SZ,38236,2,0,9.38,4000
2026-04-02 09:15:00.110,20260402,91500110,000009.SZ,38247,2,0,9.45,2000
2026-04-02 09:15:00.110,20260402,91500110,000009.SZ,38249,2,0,9.7,4000
2026-04-02 09:15:00.110,20260402,91500110,000009.SZ,38305,1,0,8.41,6000
2026-04-02 09:15:00.110,20260402,91500110,000009.SZ,38375,1,0,8.2,3000
2026-04-02 09:15:00.110,20260402,91500110,000009.SZ,38376,1,0,8.0,3000
2026-04-02 09:15:00.110,20260402,91500110,000009.SZ,38378,2,0,9.38,6000
2026-04-02 09:15:00.110,20260402,91500110,000009.SZ,38380,2,0,9.45,2000
2026-04-02 09:15:00.110,20260402,91500110,000009.SZ,38381,2,0,9.7,4000
2026-04-02 09:15:00.110,20260402,91500110,000009.SZ,38382,1,0,8.41,6000
2026-04-02 09:15:00.110,20260402,91500110,000009.SZ,38384,1,0,8.2,2000
2026-04-02 09:15:00.110,20260402,91500110,000009.SZ,38386,1,0,8.0,3000
2026-04-02 09:15:00.110,20260402,91500110,000009.SZ,38450,2,0,9.7,5000
2026-04-02 09:15:00.110,20260402,91500110,000009.SZ,38741,2,0,8.89,3000
2026-04-02 09:15:00.110,20260402,91500110,000009.SZ,39219,2,0,9.17,6400
2026-04-02 09:15:00.110,20260402,91500110,000009.SZ,39274,1,0,8.4,2000
2026-04-02 09:15:00.110,20260402,91500110,000009.SZ,39813,2,0,9.12,200
2026-04-02 09:15:00.120,20260402,91500120,000009.SZ,40558,2,0,9.46,600
2026-04-02 09:15:00.120,20260402,91500120,000009.SZ,42127,1,0,8.8,2200
2026-04-02 09:15:00.120,20260402,91500120,000009.SZ,42524,1,0,8.7,100
2026-04-02 09:15:00.120,20260402,91500120,000009.SZ,44434,2,0,9.0,1000
2026-04-02 09:15:00.120,20260402,91500120,000009.SZ,44435,1,0,8.6,2000
2026-04-02 09:15:00.130,20260402,91500130,000009.SZ,47226,2,0,9.7,10000
2026-04-02 09:15:00.130,20260402,91500130,000009.SZ,47227,1,0,8.41,10000
2026-04-02 09:15:00.130,20260402,91500130,000009.SZ,47228,2,0,9.38,10000
2026-04-02 09:15:00.130,20260402,91500130,000009.SZ,47229,2,0,9.45,2000
2026-04-02 09:15:00.130,20260402,91500130,000009.SZ,47230,2,0,9.7,10000
2026-04-02 09:15:00.130,20260402,91500130,000009.SZ,47266,1,0,8.41,2000
2026-04-02 09:15:00.130,20260402,91500130,000009.SZ,47267,1,0,8.2,2000
2026-04-02 09:15:00.130,20260402,91500130,000009.SZ,47268,2,0,9.38,10000
2026-04-02 09:15:00.130,20260402,91500130,000009.SZ,47269,2,0,9.45,2000
2026-04-02 09:15:00.130,20260402,91500130,000009.SZ,47270,2,0,9.7,10000
2026-04-02 09:15:00.130,20260402,91500130,000009.SZ,47271,1,0,8.41,10000
2026-04-02 09:15:00.130,20260402,91500130,000009.SZ,47378,2,0,9.38,10000
2026-04-02 09:15:00.130,20260402,91500130,000009.SZ,47382,2,0,9.45,4000
2026-04-02 09:15:00.130,20260402,91500130,000009.SZ,47384,2,0,9.7,6000
2026-04-02 09:15:00.130,20260402,91500130,000009.SZ,48169,1,0,8.57,300
2026-04-02 09:15:00.130,20260402,91500130,000009.SZ,49044,2,0,9.59,1200
2026-04-02 09:15:00.140,20260402,91500140,000009.SZ,49465,2,0,9.7,100
2026-04-02 09:15:00.140,20260402,91500140,000009.SZ,50210,2,0,9.12,6500
2026-04-02 09:15:00.140,20260402,91500140,000009.SZ,50531,2,0,9.5,1000
2026-04-02 09:15:00.140,20260402,91500140,000009.SZ,52208,1,0,8.41,10000
2026-04-02 09:15:00.140,20260402,91500140,000009.SZ,52209,1,0,8.2,3000
2026-04-02 09:15:00.140,20260402,91500140,000009.SZ,52211,1,0,8.0,3000
2026-04-02 09:15:00.140,20260402,91500140,000009.SZ,53355,2,0,9.4,4000
2026-04-02 09:15:00.140,20260402,91500140,000009.SZ,53628,1,0,8.43,200
2026-04-02 09:15:00.150,20260402,91500150,000009.SZ,53808,2,0,9.57,2000
2026-04-02 09:15:00.150,20260402,91500150,000009.SZ,53989,1,0,8.73,1800
2026-04-02 09:15:00.150,20260402,91500150,000009.SZ,54510,2,0,9.68,1400
2026-04-02 09:15:00.150,20260402,91500150,000009.SZ,54649,2,0,9.25,500
2026-04-02 09:15:00.150,20260402,91500150,000009.SZ,54826,2,0,9.06,2400
2026-04-02 09:15:00.150,20260402,91500150,000009.SZ,54958,2,0,9.7,5000
2026-04-02 09:15:00.150,20260402,91500150,000009.SZ,55205,1,0,8.7,200
2026-04-02 09:15:00.150,20260402,91500150,000009.SZ,55545,2,0,9.2,300
2026-04-02 09:15:00.150,20260402,91500150,000009.SZ,55546,2,0,9.45,300
2026-04-02 09:15:00.150,20260402,91500150,000009.SZ,55547,2,0,9.7,300
2026-04-02 09:15:00.150,20260402,91500150,000009.SZ,55600,2,0,9.55,400
2026-04-02 09:15:00.150,20260402,91500150,000009.SZ,55846,2,0,9.13,1000
2026-04-02 09:15:00.150,20260402,91500150,000009.SZ,55847,2,0,9.18,2000
2026-04-02 09:15:00.150,20260402,91500150,000009.SZ,56832,2,0,8.97,1400
2026-04-02 09:15:00.150,20260402,91500150,000009.SZ,56834,2,0,9.39,1500
2026-04-02 09:15:00.160,20260402,91500160,000009.SZ,57770,2,0,8.99,11100
2026-04-02 09:15:00.160,20260402,91500160,000009.SZ,58163,2,0,9.0,200
2026-04-02 09:15:00.160,20260402,91500160,000009.SZ,58164,2,0,9.18,200
2026-04-02 09:15:00.160,20260402,91500160,000009.SZ,58165,2,0,9.35,200
2026-04-02 09:15:00.160,20260402,91500160,000009.SZ,58181,2,0,9.53,200
2026-04-02 09:15:00.160,20260402,91500160,000009.SZ,58237,2,0,9.7,200
2026-04-02 09:15:00.160,20260402,91500160,000009.SZ,58608,2,0,9.55,600
2026-04-02 09:15:00.160,20260402,91500160,000009.SZ,60006,2,0,9.31,20000
2026-04-02 09:15:00.160,20260402,91500160,000009.SZ,60695,2,0,9.1,5600
2026-04-02 09:15:00.160,20260402,91500160,000009.SZ,60698,2,0,9.32,5800
2026-04-02 09:15:00.170,20260402,91500170,000009.SZ,61041,2,0,9.5,500
2026-04-02 09:15:00.170,20260402,91500170,000009.SZ,61234,2,0,9.12,400
2026-04-02 09:15:00.170,20260402,91500170,000009.SZ,61313,2,0,9.2,2000
2026-04-02 09:15:00.170,20260402,91500170,000009.SZ,63119,1,0,8.67,100
2026-04-02 09:15:00.180,20260402,91500180,000009.SZ,64505,1,0,7.94,500
2026-04-02 09:15:00.180,20260402,91500180,000009.SZ,65140,2,0,9.12,800
2026-04-02 09:15:00.180,20260402,91500180,000009.SZ,65576,1,0,8.35,400
2026-04-02 09:15:00.180,20260402,91500180,000009.SZ,66342,2,0,9.26,1000
2026-04-02 09:15:00.180,20260402,91500180,000009.SZ,66907,2,0,9.5,100
2026-04-02 09:15:00.180,20260402,91500180,000009.SZ,66908,2,0,9.34,100
2026-04-02 09:15:00.180,20260402,91500180,000009.SZ,67161,1,0,8.52,2500
2026-04-02 09:15:00.180,20260402,91500180,000009.SZ,67207,2,0,9.68,1000
2026-04-02 09:15:00.180,20260402,91500180,000009.SZ,67246,2,0,9.63,300
2026-04-02 09:15:00.180,20260402,91500180,000009.SZ,67314,1,0,8.36,200
2026-04-02 09:15:00.190,20260402,91500190,000009.SZ,68061,1,0,8.55,2500
2026-04-02 09:15:00.190,20260402,91500190,000009.SZ,68918,2,0,9.3,4500
2026-04-02 09:15:00.190,20260402,91500190,000009.SZ,68919,2,0,9.66,4100
2026-04-02 09:15:00.190,20260402,91500190,000009.SZ,69035,2,0,9.2,6000
2026-04-02 09:15:00.190,20260402,91500190,000009.SZ,69036,2,0,9.31,6000
2026-04-02 09:15:00.190,20260402,91500190,000009.SZ,69283,2,0,9.68,1600
2026-04-02 09:15:00.190,20260402,91500190,000009.SZ,69512,2,0,8.99,1200
2026-04-02 09:15:00.190,20260402,91500190,000009.SZ,70788,2,0,9.0,800
2026-04-02 09:15:00.200,20260402,91500200,000009.SZ,71521,2,0,9.3,3500
2026-04-02 09:15:00.200,20260402,91500200,000009.SZ,71522,2,0,9.6,1500
2026-04-02 09:15:00.200,20260402,91500200,000009.SZ,71697,1,0,8.68,1000
2026-04-02 09:15:00.200,20260402,91500200,000009.SZ,71698,1,0,8.41,1000
2026-04-02 09:15:00.200,20260402,91500200,000009.SZ,72127,2,0,9.5,500
2026-04-02 09:15:00.200,20260402,91500200,000009.SZ,72293,2,0,9.69,100
2026-04-02 09:15:00.200,20260402,91500200,000009.SZ,72294,2,0,9.59,100
2026-04-02 09:15:00.210,20260402,91500210,000009.SZ,74148,2,0,8.81,300
2026-04-02 09:15:00.210,20260402,91500210,000009.SZ,74316,2,0,9.15,1000
2026-04-02 09:15:00.210,20260402,91500210,000009.SZ,74318,2,0,9.7,1000
2026-04-02 09:15:00.210,20260402,91500210,000009.SZ,76414,1,0,8.08,700
2026-04-02 09:15:00.220,20260402,91500220,000009.SZ,78172,2,0,9.26,2900
2026-04-02 09:15:00.230,20260402,91500230,000009.SZ,79516,2,0,9.33,3000
2026-04-02 09:15:00.230,20260402,91500230,000009.SZ,79787,2,0,9.35,3500
2026-04-02 09:15:00.230,20260402,91500230,000009.SZ,80771,2,0,8.98,3000
2026-04-02 09:15:00.230,20260402,91500230,000009.SZ,80830,2,0,9.58,1000
2026-04-02 09:15:00.240,20260402,91500240,000009.SZ,81068,2,0,9.69,20500
2026-04-02 09:15:00.240,20260402,91500240,000009.SZ,82676,2,0,9.69,600
2026-04-02 09:15:00.240,20260402,91500240,000009.SZ,82677,2,0,9.69,300
2026-04-02 09:15:00.250,20260402,91500250,000009.SZ,84020,2,0,9.16,7000
2026-04-02 09:15:00.250,20260402,91500250,000009.SZ,84193,1,0,8.75,1000
2026-04-02 09:15:00.250,20260402,91500250,000009.SZ,84628,2,0,9.6,500
2026-04-02 09:15:00.260,20260402,91500260,000009.SZ,85462,2,0,8.95,400
2026-04-02 09:15:00.260,20260402,91500260,000009.SZ,85463,1,0,8.7,400
2026-04-02 09:15:00.260,20260402,91500260,000009.SZ,87147,2,0,9.1,1000
2026-04-02 09:15:00.260,20260402,91500260,000009.SZ,87300,2,0,9.7,2900
2026-04-02 09:15:00.270,20260402,91500270,000009.SZ,87518,2,0,9.05,3000
2026-04-02 09:15:00.270,20260402,91500270,000009.SZ,87921,2,0,8.98,5000
2026-04-02 09:15:00.270,20260402,91500270,000009.SZ,87922,2,0,9.08,5000
2026-04-02 09:15:00.270,20260402,91500270,000009.SZ,87923,2,0,9.18,5000
2026-04-02 09:15:00.270,20260402,91500270,000009.SZ,87924,2,0,9.28,5000
2026-04-02 09:15:00.270,20260402,91500270,000009.SZ,87925,2,0,9.38,5000
2026-04-02 09:15:00.270,20260402,91500270,000009.SZ,87932,2,0,9.48,5000
2026-04-02 09:15:00.270,20260402,91500270,000009.SZ,87933,2,0,9.58,10000
2026-04-02 09:15:00.270,20260402,91500270,000009.SZ,87935,2,0,9.68,10000
2026-04-02 09:15:00.270,20260402,91500270,000009.SZ,88464,1,0,8.71,100
2026-04-02 09:15:00.270,20260402,91500270,000009.SZ,88693,1,0,8.73,1000
2026-04-02 09:15:00.270,20260402,91500270,000009.SZ,89140,2,0,8.97,100
2026-04-02 09:15:00.270,20260402,91500270,000009.SZ,89588,2,0,9.12,5000
2026-04-02 09:15:00.280,20260402,91500280,000009.SZ,90095,2,0,9.1,1600
2026-04-02 09:15:00.290,20260402,91500290,000009.SZ,92693,1,0,8.7,100
2026-04-02 09:15:00.290,20260402,91500290,000009.SZ,92694,1,0,8.65,100
2026-04-02 09:15:00.290,20260402,91500290,000009.SZ,93034,2,0,9.41,5000
2026-04-02 09:15:00.300,20260402,91500300,000009.SZ,93888,2,0,9.11,400
2026-04-02 09:15:00.300,20260402,91500300,000009.SZ,93971,1,0,8.5,2000
2026-04-02 09:15:00.300,20260402,91500300,000009.SZ,94044,2,0,8.93,2000
2026-04-02 09:15:00.300,20260402,91500300,000009.SZ,94582,2,0,9.7,400
2026-04-02 09:15:00.300,20260402,91500300,000009.SZ,94843,2,0,9.36,600
2026-04-02 09:15:00.310,20260402,91500310,000009.SZ,95329,2,0,8.99,1400
2026-04-02 09:15:00.310,20260402,91500310,000009.SZ,95330,2,0,9.14,300
2026-04-02 09:15:00.310,20260402,91500310,000009.SZ,95336,2,0,9.4,300
2026-04-02 09:15:00.310,20260402,91500310,000009.SZ,96330,1,0,8.58,800
2026-04-02 09:15:00.310,20260402,91500310,000009.SZ,96331,1,0,8.68,600
2026-04-02 09:15:00.320,20260402,91500320,000009.SZ,97878,2,0,9.05,5000
2026-04-02 09:15:00.320,20260402,91500320,000009.SZ,97879,2,0,9.05,5000
2026-04-02 09:15:00.330,20260402,91500330,000009.SZ,99205,2,0,9.04,9000
2026-04-02 09:15:00.350,20260402,91500350,000009.SZ,101248,2,0,9.7,2000
2026-04-02 09:15:00.350,20260402,91500350,000009.SZ,101249,1,0,8.5,1000
2026-04-02 09:15:00.350,20260402,91500350,000009.SZ,102099,1,0,8.03,100
2026-04-02 09:15:00.370,20260402,91500370,000009.SZ,104163,2,0,9.05,3000
2026-04-02 09:15:00.370,20260402,91500370,000009.SZ,104423,2,0,9.33,200
2026-04-02 09:15:00.380,20260402,91500380,000009.SZ,105129,2,0,9.7,400
2026-04-02 09:15:00.380,20260402,91500380,000009.SZ,105415,2,0,9.3,20000
2026-04-02 09:15:00.390,20260402,91500390,000009.SZ,106940,1,0,8.5,1000
2026-04-02 09:15:00.390,20260402,91500390,000009.SZ,106947,1,0,8.6,1000
2026-04-02 09:15:00.390,20260402,91500390,000009.SZ,107017,2,0,9.37,600
2026-04-02 09:15:00.400,20260402,91500400,000009.SZ,107662,2,0,9.57,900
2026-04-02 09:15:00.400,20260402,91500400,000009.SZ,107664,1,0,8.4,300
2026-04-02 09:15:00.400,20260402,91500400,000009.SZ,107775,2,0,9.47,100
2026-04-02 09:15:00.400,20260402,91500400,000009.SZ,107853,2,0,9.31,8000
2026-04-02 09:15:00.400,20260402,91500400,000009.SZ,107892,2,0,9.6,600
2026-04-02 09:15:00.400,20260402,91500400,000009.SZ,108025,1,0,8.48,300
2026-04-02 09:15:00.420,20260402,91500420,000009.SZ,110526,2,0,9.08,1000
2026-04-02 09:15:00.420,20260402,91500420,000009.SZ,110527,2,0,9.28,1000
2026-04-02 09:15:00.420,20260402,91500420,000009.SZ,110972,2,0,9.63,300
2026-04-02 09:15:00.430,20260402,91500430,000009.SZ,111928,2,0,9.12,1100
2026-04-02 09:15:00.430,20260402,91500430,000009.SZ,111929,2,0,9.7,1100
2026-04-02 09:15:00.430,20260402,91500430,000009.SZ,111931,2,0,9.65,1100
2026-04-02 09:15:00.430,20260402,91500430,000009.SZ,111932,2,0,9.6,1100
2026-04-02 09:15:00.430,20260402,91500430,000009.SZ,112286,2,0,8.97,1000
2026-04-02 09:15:00.430,20260402,91500430,000009.SZ,112287,2,0,9.7,2000
2026-04-02 09:15:00.450,20260402,91500450,000009.SZ,113833,1,0,8.58,1000
2026-04-02 09:15:00.450,20260402,91500450,000009.SZ,114388,2,0,9.69,300
2026-04-02 09:15:00.450,20260402,91500450,000009.SZ,114443,2,0,9.7,2000
2026-04-02 09:15:00.450,20260402,91500450,000009.SZ,114444,2,0,9.58,1000
2026-04-02 09:15:00.450,20260402,91500450,000009.SZ,114772,1,0,8.83,100
2026-04-02 09:15:00.470,20260402,91500470,000009.SZ,116761,1,0,8.83,200
2026-04-02 09:15:00.480,20260402,91500480,000009.SZ,117481,1,0,8.19,1000
2026-04-02 09:15:00.480,20260402,91500480,000009.SZ,117685,2,0,9.6,4500
2026-04-02 09:15:00.510,20260402,91500510,000009.SZ,120284,2,0,9.7,2000
2026-04-02 09:15:00.530,20260402,91500530,000009.SZ,122212,2,0,9.7,1500
2026-04-02 09:15:00.530,20260402,91500530,000009.SZ,122957,2,0,9.5,500
2026-04-02 09:15:00.530,20260402,91500530,000009.SZ,122966,2,0,9.26,300
2026-04-02 09:15:00.540,20260402,91500540,000009.SZ,123210,2,0,9.07,3000
2026-04-02 09:15:00.540,20260402,91500540,000009.SZ,123648,2,0,9.16,3800
2026-04-02 09:15:00.550,20260402,91500550,000009.SZ,124508,2,0,9.69,2000
2026-04-02 09:15:00.560,20260402,91500560,000009.SZ,125199,2,0,9.7,1000
2026-04-02 09:15:00.580,20260402,91500580,000009.SZ,127143,2,0,9.3,12100
2026-04-02 09:15:00.590,20260402,91500590,000009.SZ,128019,2,0,9.54,600
2026-04-02 09:15:00.600,20260402,91500600,000009.SZ,128825,1,0,8.6,500
2026-04-02 09:15:00.600,20260402,91500600,000009.SZ,128911,1,0,8.48,1200
2026-04-02 09:15:00.610,20260402,91500610,000009.SZ,129961,2,0,9.7,200
2026-04-02 09:15:00.610,20260402,91500610,000009.SZ,129963,2,0,9.47,300
2026-04-02 09:15:00.610,20260402,91500610,000009.SZ,129964,2,0,9.35,300
2026-04-02 09:15:00.620,20260402,91500620,000009.SZ,131292,2,0,9.65,500
2026-04-02 09:15:00.620,20260402,91500620,000009.SZ,131322,2,0,9.38,1000
2026-04-02 09:15:00.620,20260402,91500620,000009.SZ,131323,2,0,9.46,9000
2026-04-02 09:15:00.630,20260402,91500630,000009.SZ,132365,1,0,8.4,100
2026-04-02 09:15:00.630,20260402,91500630,000009.SZ,132710,2,0,9.7,800
2026-04-02 09:15:00.630,20260402,91500630,000009.SZ,132718,2,0,8.9,2000
2026-04-02 09:15:00.630,20260402,91500630,000009.SZ,132745,2,0,9.2,100
2026-04-02 09:15:00.640,20260402,91500640,000009.SZ,133549,2,0,9.35,2000
2026-04-02 09:15:00.640,20260402,91500640,000009.SZ,133663,2,0,8.94,2100
2026-04-02 09:15:00.660,20260402,91500660,000009.SZ,135080,2,0,9.7,3100
2026-04-02 09:15:00.660,20260402,91500660,000009.SZ,135502,2,0,9.05,100
2026-04-02 09:15:00.660,20260402,91500660,000009.SZ,135651,2,0,9.29,5000
2026-04-02 09:15:00.660,20260402,91500660,000009.SZ,135812,2,0,9.7,100
2026-04-02 09:15:00.660,20260402,91500660,000009.SZ,135826,2,0,9.54,100
2026-04-02 09:15:00.680,20260402,91500680,000009.SZ,136926,2,0,9.48,400
2026-04-02 09:15:00.690,20260402,91500690,000009.SZ,137302,2,0,9.0,1000
2026-04-02 09:15:00.690,20260402,91500690,000009.SZ,137337,2,0,9.25,400
2026-04-02 09:15:00.690,20260402,91500690,000009.SZ,137937,2,0,9.18,1000
2026-04-02 09:15:00.700,20260402,91500700,000009.SZ,138100,2,0,9.22,2100
2026-04-02 09:15:00.700,20260402,91500700,000009.SZ,138381,2,0,9.7,400
2026-04-02 09:15:00.710,20260402,91500710,000009.SZ,138815,2,0,9.08,1000
2026-04-02 09:15:00.730,20260402,91500730,000009.SZ,140174,2,0,9.14,2500
2026-04-02 09:15:00.730,20260402,91500730,000009.SZ,140422,1,0,8.5,100
2026-04-02 09:15:00.740,20260402,91500740,000009.SZ,141326,2,0,9.7,48000
2026-04-02 09:15:00.740,20260402,91500740,000009.SZ,141363,2,0,9.7,210800
2026-04-02 09:15:00.750,20260402,91500750,000009.SZ,141713,2,0,8.9,2000
2026-04-02 09:15:00.750,20260402,91500750,000009.SZ,141714,2,0,8.95,2100
2026-04-02 09:15:00.750,20260402,91500750,000009.SZ,141827,2,0,9.05,4300
2026-04-02 09:15:00.770,20260402,91500770,000009.SZ,143075,2,0,9.69,200
2026-04-02 09:15:00.770,20260402,91500770,000009.SZ,143203,2,0,9.7,125600
2026-04-02 09:15:00.780,20260402,91500780,000009.SZ,144348,1,0,8.77,20000
2026-04-02 09:15:00.790,20260402,91500790,000009.SZ,144547,1,0,8.71,100
2026-04-02 09:15:00.790,20260402,91500790,000009.SZ,144548,1,0,8.65,100
2026-04-02 09:15:00.790,20260402,91500790,000009.SZ,144982,1,0,8.73,100
2026-04-02 09:15:00.790,20260402,91500790,000009.SZ,144983,1,0,8.68,100
2026-04-02 09:15:00.790,20260402,91500790,000009.SZ,144984,1,0,8.6,100
2026-04-02 09:15:00.790,20260402,91500790,000009.SZ,145065,2,0,9.15,2500
2026-04-02 09:15:00.800,20260402,91500800,000009.SZ,146192,2,0,9.4,500
2026-04-02 09:15:00.810,20260402,91500810,000009.SZ,146319,2,0,9.67,400
2026-04-02 09:15:00.810,20260402,91500810,000009.SZ,146387,1,0,8.01,100
2026-04-02 09:15:00.810,20260402,91500810,000009.SZ,146605,2,0,8.95,600
2026-04-02 09:15:00.810,20260402,91500810,000009.SZ,146635,1,0,8.67,1800
2026-04-02 09:15:00.810,20260402,91500810,000009.SZ,147063,1,0,7.94,2400
2026-04-02 09:15:00.830,20260402,91500830,000009.SZ,148735,2,0,9.68,1000
2026-04-02 09:15:00.830,20260402,91500830,000009.SZ,148866,2,0,9.05,200
2026-04-02 09:15:00.830,20260402,91500830,000009.SZ,148867,1,0,8.7,200
2026-04-02 09:15:00.830,20260402,91500830,000009.SZ,148985,2,0,9.5,100
2026-04-02 09:15:00.840,20260402,91500840,000009.SZ,149239,2,0,9.25,100
2026-04-02 09:15:00.850,20260402,91500850,000009.SZ,149951,1,0,8.0,400
2026-04-02 09:15:00.860,20260402,91500860,000009.SZ,151605,2,0,9.7,500
2026-04-02 09:15:00.890,20260402,91500890,000009.SZ,154164,2,0,9.16,600
2026-04-02 09:15:00.900,20260402,91500900,000009.SZ,154608,2,0,9.3,300
2026-04-02 09:15:00.900,20260402,91500900,000009.SZ,154609,1,0,8.4,200
2026-04-02 09:15:00.910,20260402,91500910,000009.SZ,155562,2,0,9.69,600
2026-04-02 09:15:00.910,20260402,91500910,000009.SZ,155670,2,0,9.7,500
2026-04-02 09:15:00.920,20260402,91500920,000009.SZ,156357,2,0,9.69,300
2026-04-02 09:15:00.920,20260402,91500920,000009.SZ,156614,2,0,9.12,1000
2026-04-02 09:15:00.920,20260402,91500920,000009.SZ,156615,2,0,9.15,1200
2026-04-02 09:15:00.920,20260402,91500920,000009.SZ,156628,2,0,9.18,1500
2026-04-02 09:15:00.920,20260402,91500920,000009.SZ,156659,2,0,9.62,3500
2026-04-02 09:15:00.940,20260402,91500940,000009.SZ,158040,1,0,8.35,100
2026-04-02 09:15:00.950,20260402,91500950,000009.SZ,158845,1,0,8.82,5000
2026-04-02 09:15:00.960,20260402,91500960,000009.SZ,159915,2,0,9.08,1200
2026-04-02 09:15:00.960,20260402,91500960,000009.SZ,160107,1,0,8.2,100
2026-04-02 09:15:00.980,20260402,91500980,000009.SZ,161156,1,0,8.78,100
2026-04-02 09:15:00.980,20260402,91500980,000009.SZ,161554,2,0,9.7,5200
2026-04-02 09:15:00.990,20260402,91500990,000009.SZ,162036,2,0,9.68,200
2026-04-02 09:15:00.990,20260402,91500990,000009.SZ,162049,2,0,9.48,200
2026-04-02 09:15:00.990,20260402,91500990,000009.SZ,162339,2,0,9.19,1500
2026-04-02 09:15:00.990,20260402,91500990,000009.SZ,162589,1,0,8.06,800
2026-04-02 09:15:00.990,20260402,91500990,000009.SZ,162597,1,0,8.26,800
2026-04-02 09:15:01.000,20260402,91501000,000009.SZ,162797,2,0,9.2,1200
2026-04-02 09:15:01.010,20260402,91501010,000009.SZ,163913,2,0,9.31,3300
2026-04-02 09:15:01.020,20260402,91501020,000009.SZ,164124,1,0,8.71,500
2026-04-02 09:15:01.020,20260402,91501020,000009.SZ,164185,2,0,8.99,600
2026-04-02 09:15:01.020,20260402,91501020,000009.SZ,164487,2,0,9.2,246500
2026-04-02 09:15:01.030,20260402,91501030,000009.SZ,165242,1,0,8.72,500
2026-04-02 09:15:01.030,20260402,91501030,000009.SZ,165243,1,0,8.47,900
2026-04-02 09:15:01.030,20260402,91501030,000009.SZ,165302,2,0,9.05,200
2026-04-02 09:15:01.030,20260402,91501030,000009.SZ,165629,1,0,8.51,3800
2026-04-02 09:15:01.040,20260402,91501040,000009.SZ,165897,2,0,9.25,3800
2026-04-02 09:15:01.060,20260402,91501060,000009.SZ,168193,2,0,8.99,300
2026-04-02 09:15:01.070,20260402,91501070,000009.SZ,168572,2,0,9.13,200
2026-04-02 09:15:01.070,20260402,91501070,000009.SZ,168573,2,0,9.28,200
2026-04-02 09:15:01.070,20260402,91501070,000009.SZ,168574,2,0,9.42,200
2026-04-02 09:15:01.070,20260402,91501070,000009.SZ,168575,2,0,9.59,200
2026-04-02 09:15:01.070,20260402,91501070,000009.SZ,168576,2,0,9.66,200
2026-04-02 09:15:01.070,20260402,91501070,000009.SZ,169108,1,0,8.57,2000
2026-04-02 09:15:01.070,20260402,91501070,000009.SZ,169110,2,0,9.37,4000
2026-04-02 09:15:01.090,20260402,91501090,000009.SZ,169846,1,0,8.41,1000
2026-04-02 09:15:01.090,20260402,91501090,000009.SZ,169848,2,0,9.53,1000
2026-04-02 09:15:01.090,20260402,91501090,000009.SZ,170045,2,0,9.6,700
2026-04-02 09:15:01.100,20260402,91501100,000009.SZ,170711,2,0,9.08,10000
2026-04-02 09:15:01.120,20260402,91501120,000009.SZ,171487,2,0,9.68,300
2026-04-02 09:15:01.120,20260402,91501120,000009.SZ,171489,2,0,9.5,300
2026-04-02 09:15:01.130,20260402,91501130,000009.SZ,171905,1,0,8.5,100
2026-04-02 09:15:01.160,20260402,91501160,000009.SZ,173475,2,0,9.14,2000
2026-04-02 09:15:01.180,20260402,91501180,000009.SZ,174560,1,0,8.57,10000
2026-04-02 09:15:01.190,20260402,91501190,000009.SZ,174846,1,0,8.82,2000
2026-04-02 09:15:01.210,20260402,91501210,000009.SZ,175540,2,0,9.67,600
2026-04-02 09:15:01.210,20260402,91501210,000009.SZ,175825,2,0,9.0,500
2026-04-02 09:15:01.240,20260402,91501240,000009.SZ,176520,1,0,8.0,12500
2026-04-02 09:15:01.250,20260402,91501250,000009.SZ,176879,1,0,8.64,1000
2026-04-02 09:15:01.250,20260402,91501250,000009.SZ,176887,2,0,9.7,5000
2026-04-02 09:15:01.250,20260402,91501250,000009.SZ,176991,2,0,9.68,2000
2026-04-02 09:15:01.260,20260402,91501260,000009.SZ,177358,2,0,9.3,300
2026-04-02 09:15:01.280,20260402,91501280,000009.SZ,178498,2,0,8.99,2300
2026-04-02 09:15:01.280,20260402,91501280,000009.SZ,178510,1,0,8.74,100
2026-04-02 09:15:01.280,20260402,91501280,000009.SZ,178511,1,0,8.68,100
2026-04-02 09:15:01.280,20260402,91501280,000009.SZ,178770,2,0,9.7,100
2026-04-02 09:15:01.280,20260402,91501280,000009.SZ,178903,2,0,9.12,200
2026-04-02 09:15:01.290,20260402,91501290,000009.SZ,179124,2,0,9.7,3100
2026-04-02 09:15:01.290,20260402,91501290,000009.SZ,179273,1,0,8.48,5800
2026-04-02 09:15:01.290,20260402,91501290,000009.SZ,179411,2,0,9.31,9000
2026-04-02 09:15:01.290,20260402,91501290,000009.SZ,179416,2,0,9.31,9000
2026-04-02 09:15:01.290,20260402,91501290,000009.SZ,179426,2,0,9.31,10700
2026-04-02 09:15:01.310,20260402,91501310,000009.SZ,180341,2,0,9.7,100
2026-04-02 09:15:01.330,20260402,91501330,000009.SZ,181552,1,0,8.75,100
2026-04-02 09:15:01.330,20260402,91501330,000009.SZ,181553,2,0,9.25,100
2026-04-02 09:15:01.330,20260402,91501330,000009.SZ,181554,2,0,9.5,100
2026-04-02 09:15:01.340,20260402,91501340,000009.SZ,181733,1,0,8.4,500
2026-04-02 09:15:01.360,20260402,91501360,000009.SZ,183039,1,0,8.41,100
2026-04-02 09:15:01.370,20260402,91501370,000009.SZ,183313,2,0,9.53,200
2026-04-02 09:15:01.380,20260402,91501380,000009.SZ,184192,2,0,9.06,1000
2026-04-02 09:15:01.420,20260402,91501420,000009.SZ,185399,2,0,9.7,200
2026-04-02 09:15:01.420,20260402,91501420,000009.SZ,185403,2,0,9.7,100
2026-04-02 09:15:01.420,20260402,91501420,000009.SZ,185417,1,0,8.66,2400
2026-04-02 09:15:01.440,20260402,91501440,000009.SZ,186070,2,0,8.89,2500
2026-04-02 09:15:01.440,20260402,91501440,000009.SZ,186214,2,0,8.93,2500
2026-04-02 09:15:01.450,20260402,91501450,000009.SZ,186624,2,0,9.7,1700
2026-04-02 09:15:01.450,20260402,91501450,000009.SZ,186707,2,0,9.68,100
2026-04-02 09:15:01.450,20260402,91501450,000009.SZ,186712,2,0,9.68,100
2026-04-02 09:15:01.450,20260402,91501450,000009.SZ,186851,2,0,9.2,2400
2026-04-02 09:15:01.460,20260402,91501460,000009.SZ,187386,2,0,9.15,100
2026-04-02 09:15:01.470,20260402,91501470,000009.SZ,188142,2,0,9.7,2500
2026-04-02 09:15:01.520,20260402,91501520,000009.SZ,189779,2,0,9.19,1700
2026-04-02 09:15:01.520,20260402,91501520,000009.SZ,189780,2,0,9.31,1600
2026-04-02 09:15:01.520,20260402,91501520,000009.SZ,189781,2,0,9.42,1600
2026-04-02 09:15:01.520,20260402,91501520,000009.SZ,189782,2,0,9.52,1600
2026-04-02 09:15:01.520,20260402,91501520,000009.SZ,189783,2,0,9.61,1600
2026-04-02 09:15:01.520,20260402,91501520,000009.SZ,189784,2,0,9.7,1600
2026-04-02 09:15:01.560,20260402,91501560,000009.SZ,191376,2,0,9.6,2000
2026-04-02 09:15:01.570,20260402,91501570,000009.SZ,191604,1,0,8.76,1000
2026-04-02 09:15:01.570,20260402,91501570,000009.SZ,191655,2,0,9.61,2000
2026-04-02 09:15:01.620,20260402,91501620,000009.SZ,192979,2,0,9.58,1000
2026-04-02 09:15:01.720,20260402,91501720,000009.SZ,196662,2,0,9.7,2000
2026-04-02 09:15:01.740,20260402,91501740,000009.SZ,197077,2,0,9.46,4000
2026-04-02 09:15:01.740,20260402,91501740,000009.SZ,197153,2,0,8.84,1800
2026-04-02 09:15:01.750,20260402,91501750,000009.SZ,197405,2,0,9.26,2200
2026-04-02 09:15:01.770,20260402,91501770,000009.SZ,198372,2,0,8.9,1100
2026-04-02 09:15:01.770,20260402,91501770,000009.SZ,198373,1,0,8.65,1100
2026-04-02 09:15:01.770,20260402,91501770,000009.SZ,198620,2,0,9.28,5000
2026-04-02 09:15:01.780,20260402,91501780,000009.SZ,198980,2,0,8.99,4400
2026-04-02 09:15:01.790,20260402,91501790,000009.SZ,199712,1,0,8.65,4600
2026-04-02 09:15:01.800,20260402,91501800,000009.SZ,200143,1,0,8.54,300
2026-04-02 09:15:01.800,20260402,91501800,000009.SZ,200146,2,0,9.42,300
2026-04-02 09:15:01.830,20260402,91501830,000009.SZ,201909,2,0,9.7,1000
2026-04-02 09:15:01.850,20260402,91501850,000009.SZ,203025,1,0,8.44,1000
2026-04-02 09:15:01.850,20260402,91501850,000009.SZ,203154,2,0,9.26,300
2026-04-02 09:15:01.850,20260402,91501850,000009.SZ,203155,2,0,9.7,300
2026-04-02 09:15:01.860,20260402,91501860,000009.SZ,204166,2,0,8.82,500
2026-04-02 09:15:01.870,20260402,91501870,000009.SZ,204741,2,0,9.7,2600
2026-04-02 09:15:01.910,20260402,91501910,000009.SZ,207049,2,0,9.53,2900
2026-04-02 09:15:01.940,20260402,91501940,000009.SZ,208617,2,0,8.99,300
2026-04-02 09:15:01.950,20260402,91501950,000009.SZ,209663,1,0,8.83,1100
2026-04-02 09:15:01.960,20260402,91501960,000009.SZ,210091,2,0,8.92,400
2026-04-02 09:15:01.960,20260402,91501960,000009.SZ,210093,2,0,9.01,300
2026-04-02 09:15:01.960,20260402,91501960,000009.SZ,210303,2,0,8.98,2000
2026-04-02 09:15:01.970,20260402,91501970,000009.SZ,210455,2,0,8.9,900
2026-04-02 09:15:01.970,20260402,91501970,000009.SZ,210608,1,0,8.38,200
2026-04-02 09:15:01.970,20260402,91501970,000009.SZ,210610,1,0,7.94,200
2026-04-02 09:15:01.990,20260402,91501990,000009.SZ,211598,2,0,9.58,1900
2026-04-02 09:15:02.000,20260402,91502000,000009.SZ,212314,2,0,9.7,700
2026-04-02 09:15:02.000,20260402,91502000,000009.SZ,212370,2,0,9.7,3000
2026-04-02 09:15:02.010,20260402,91502010,000009.SZ,212511,1,0,8.08,3000
2026-04-02 09:15:02.030,20260402,91502030,000009.SZ,213346,2,0,9.49,1000
2026-04-02 09:15:02.030,20260402,91502030,000009.SZ,213347,2,0,9.69,1000
2026-04-02 09:15:02.040,20260402,91502040,000009.SZ,214212,1,0,8.7,2300
2026-04-02 09:15:02.050,20260402,91502050,000009.SZ,214957,2,0,9.06,400
2026-04-02 09:15:02.060,20260402,91502060,000009.SZ,215412,1,0,8.71,300
2026-04-02 09:15:02.070,20260402,91502070,000009.SZ,215782,2,0,9.7,2600
2026-04-02 09:15:02.070,20260402,91502070,000009.SZ,215795,2,0,9.7,2600
2026-04-02 09:15:02.070,20260402,91502070,000009.SZ,215835,2,0,8.92,600
2026-04-02 09:15:02.180,20260402,91502180,000009.SZ,218858,1,0,8.58,900
2026-04-02 09:15:02.210,20260402,91502210,000009.SZ,219312,2,0,9.7,1400
2026-04-02 09:15:02.230,20260402,91502230,000009.SZ,219957,2,0,8.99,1400
2026-04-02 09:15:02.250,20260402,91502250,000009.SZ,220422,2,0,9.03,500
2026-04-02 09:15:02.260,20260402,91502260,000009.SZ,220648,2,0,9.69,500
2026-04-02 09:15:02.280,20260402,91502280,000009.SZ,221405,2,0,9.0,500
2026-04-02 09:15:02.280,20260402,91502280,000009.SZ,221477,2,0,9.7,100
2026-04-02 09:15:02.290,20260402,91502290,000009.SZ,221699,1,0,8.4,15000
2026-04-02 09:15:02.290,20260402,91502290,000009.SZ,221912,2,0,9.14,3000
2026-04-02 09:15:02.290,20260402,91502290,000009.SZ,221917,1,0,8.72,1000
2026-04-02 09:15:02.330,20260402,91502330,000009.SZ,223116,2,0,9.6,3100
2026-04-02 09:15:02.330,20260402,91502330,000009.SZ,223496,2,0,9.6,8000
2026-04-02 09:15:02.350,20260402,91502350,000009.SZ,224054,2,0,9.14,500
2026-04-02 09:15:02.350,20260402,91502350,000009.SZ,224203,2,0,9.69,3000
2026-04-02 09:15:02.370,20260402,91502370,000009.SZ,224751,2,0,9.7,5000
2026-04-02 09:15:02.430,20260402,91502430,000009.SZ,226115,2,0,9.7,100
2026-04-02 09:15:02.510,20260402,91502510,000009.SZ,228201,2,0,8.93,1200
2026-04-02 09:15:02.540,20260402,91502540,000009.SZ,228760,1,0,8.77,1300
2026-04-02 09:15:02.540,20260402,91502540,000009.SZ,228787,1,0,8.84,1300
2026-04-02 09:15:02.590,20260402,91502590,000009.SZ,229676,2,0,9.03,900
2026-04-02 09:15:02.640,20260402,91502640,000009.SZ,230512,2,0,8.95,2500
2026-04-02 09:15:02.680,20260402,91502680,000009.SZ,231182,2,0,9.12,1000
2026-04-02 09:15:02.680,20260402,91502680,000009.SZ,231186,2,0,9.25,2000
2026-04-02 09:15:02.680,20260402,91502680,000009.SZ,231188,2,0,9.33,3200
2026-04-02 09:15:02.780,20260402,91502780,000009.SZ,232892,2,0,9.01,500
2026-04-02 09:15:02.780,20260402,91502780,000009.SZ,233034,2,0,9.06,500
2026-04-02 09:15:02.810,20260402,91502810,000009.SZ,234330,2,0,9.07,900
2026-04-02 09:15:02.810,20260402,91502810,000009.SZ,234387,2,0,9.7,200
2026-04-02 09:15:02.810,20260402,91502810,000009.SZ,234409,2,0,9.7,4900
2026-04-02 09:15:02.820,20260402,91502820,000009.SZ,234745,1,0,8.82,1000
2026-04-02 09:15:02.840,20260402,91502840,000009.SZ,235379,1,0,8.8,800
2026-04-02 09:15:02.850,20260402,91502850,000009.SZ,235789,1,0,8.73,5000
2026-04-02 09:15:02.850,20260402,91502850,000009.SZ,235792,2,0,8.93,5000
2026-04-02 09:15:02.880,20260402,91502880,000009.SZ,237221,2,0,9.21,500
2026-04-02 09:15:02.900,20260402,91502900,000009.SZ,237827,1,0,8.7,500
2026-04-02 09:15:02.900,20260402,91502900,000009.SZ,237884,2,0,9.47,100
2026-04-02 09:15:02.900,20260402,91502900,000009.SZ,237886,1,0,8.21,100
2026-04-02 09:15:02.900,20260402,91502900,000009.SZ,237887,1,0,8.02,100
2026-04-02 09:15:02.940,20260402,91502940,000009.SZ,238668,1,0,8.23,1000
2026-04-02 09:15:03.040,20260402,91503040,000009.SZ,241124,2,0,9.69,300
2026-04-02 09:15:03.070,20260402,91503070,000009.SZ,241823,2,0,9.7,3000
2026-04-02 09:15:03.130,20260402,91503130,000009.SZ,242548,2,0,9.27,18000
2026-04-02 09:15:03.380,20260402,91503380,000009.SZ,245684,1,0,8.66,6000
2026-04-02 09:15:03.380,20260402,91503380,000009.SZ,245688,1,0,8.58,1500
2026-04-02 09:15:03.380,20260402,91503380,000009.SZ,245690,1,0,8.58,4500
2026-04-02 09:15:03.510,20260402,91503510,000009.SZ,246880,1,0,8.0,100
2026-04-02 09:15:03.550,20260402,91503550,000009.SZ,247091,2,0,9.7,100
2026-04-02 09:15:03.560,20260402,91503560,000009.SZ,247108,2,0,9.7,700
2026-04-02 09:15:03.630,20260402,91503630,000009.SZ,247377,1,0,8.66,300
2026-04-02 09:15:03.630,20260402,91503630,000009.SZ,247379,1,0,8.72,300
2026-04-02 09:15:03.730,20260402,91503730,000009.SZ,248111,1,0,8.29,200
2026-04-02 09:15:03.760,20260402,91503760,000009.SZ,248439,2,0,9.66,200
2026-04-02 09:15:03.760,20260402,91503760,000009.SZ,248592,2,0,9.7,8900
2026-04-02 09:15:03.790,20260402,91503790,000009.SZ,249329,1,0,8.63,5000
2026-04-02 09:15:03.800,20260402,91503800,000009.SZ,249421,2,0,9.18,500
2026-04-02 09:15:03.800,20260402,91503800,000009.SZ,249459,2,0,9.08,400
2026-04-02 09:15:03.800,20260402,91503800,000009.SZ,249460,2,0,9.16,400
2026-04-02 09:15:03.810,20260402,91503810,000009.SZ,249976,2,0,9.03,100
2026-04-02 09:15:03.820,20260402,91503820,000009.SZ,250255,1,0,8.82,1000
2026-04-02 09:15:03.830,20260402,91503830,000009.SZ,250600,1,0,8.77,400
2026-04-02 09:15:03.850,20260402,91503850,000009.SZ,251044,2,0,9.7,2200
2026-04-02 09:15:03.860,20260402,91503860,000009.SZ,251632,1,0,8.4,1200
2026-04-02 09:15:03.860,20260402,91503860,000009.SZ,251633,1,0,8.5,700
2026-04-02 09:15:03.860,20260402,91503860,000009.SZ,251635,1,0,8.68,500
2026-04-02 09:15:03.860,20260402,91503860,000009.SZ,251638,2,0,9.5,700
2026-04-02 09:15:03.870,20260402,91503870,000009.SZ,251640,2,0,9.11,500
2026-04-02 09:15:03.890,20260402,91503890,000009.SZ,252138,2,0,8.99,400
2026-04-02 09:15:03.900,20260402,91503900,000009.SZ,252446,2,0,9.69,500
2026-04-02 09:15:03.900,20260402,91503900,000009.SZ,252517,2,0,9.69,600
2026-04-02 09:15:03.910,20260402,91503910,000009.SZ,252732,1,0,8.42,1000
2026-04-02 09:15:03.910,20260402,91503910,000009.SZ,252733,1,0,8.65,500
2026-04-02 09:15:03.980,20260402,91503980,000009.SZ,253799,2,0,9.69,1100
2026-04-02 09:15:04.060,20260402,91504060,000009.SZ,254694,2,0,8.94,100
2026-04-02 09:15:04.620,20260402,91504620,000009.SZ,257775,2,0,9.7,500
2026-04-02 09:15:04.760,20260402,91504760,000009.SZ,258849,1,0,8.08,200
2026-04-02 09:15:04.790,20260402,91504790,000009.SZ,259441,1,0,8.82,100
2026-04-02 09:15:04.810,20260402,91504810,000009.SZ,259712,1,0,8.53,700
2026-04-02 09:15:04.810,20260402,91504810,000009.SZ,259985,2,0,9.69,2000
2026-04-02 09:15:04.850,20260402,91504850,000009.SZ,260782,1,0,8.6,1000
2026-04-02 09:15:04.850,20260402,91504850,000009.SZ,260783,1,0,8.4,2000
2026-04-02 09:15:04.860,20260402,91504860,000009.SZ,260926,1,0,8.82,600
2026-04-02 09:15:04.880,20260402,91504880,000009.SZ,261103,2,0,9.19,100
2026-04-02 09:15:04.910,20260402,91504910,000009.SZ,261492,2,0,8.99,2200
2026-04-02 09:15:05.070,20260402,91505070,000009.SZ,262363,1,0,8.58,500
2026-04-02 09:15:05.240,20260402,91505240,000009.SZ,263066,2,0,9.14,2000
2026-04-02 09:15:05.240,20260402,91505240,000009.SZ,263072,2,0,9.28,2000
2026-04-02 09:15:05.260,20260402,91505260,000009.SZ,263221,1,0,8.42,45000
2026-04-02 09:15:05.270,20260402,91505270,000009.SZ,263283,1,0,8.68,1500
2026-04-02 09:15:05.280,20260402,91505280,000009.SZ,263442,2,0,8.93,1100
2026-04-02 09:15:05.360,20260402,91505360,000009.SZ,263808,2,0,9.7,1000
2026-04-02 09:15:05.790,20260402,91505790,000009.SZ,265258,1,0,8.65,500
2026-04-02 09:15:05.800,20260402,91505800,000009.SZ,265322,2,0,8.88,2000
2026-04-02 09:15:05.800,20260402,91505800,000009.SZ,265323,2,0,9.03,2000
2026-04-02 09:15:05.800,20260402,91505800,000009.SZ,265332,2,0,9.1,2000
2026-04-02 09:15:05.820,20260402,91505820,000009.SZ,265442,1,0,8.55,500
2026-04-02 09:15:06.010,20260402,91506010,000009.SZ,266438,2,0,9.66,3000
2026-04-02 09:15:06.010,20260402,91506010,000009.SZ,266493,2,0,9.7,2000
2026-04-02 09:15:06.040,20260402,91506040,000009.SZ,266691,1,0,8.6,6000
2026-04-02 09:15:06.070,20260402,91506070,000009.SZ,266788,2,0,9.67,9000
2026-04-02 09:15:06.070,20260402,91506070,000009.SZ,266790,2,0,9.7,4500
2026-04-02 09:15:06.140,20260402,91506140,000009.SZ,266944,2,0,9.19,100
2026-04-02 09:15:06.140,20260402,91506140,000009.SZ,266945,1,0,8.46,100
2026-04-02 09:15:07.080,20260402,91507080,000009.SZ,268800,2,0,9.7,1000
2026-04-02 09:15:08.090,20260402,91508090,000009.SZ,269552,2,0,9.2,400
2026-04-02 09:15:08.470,20260402,91508470,000009.SZ,269822,2,0,9.2,1500
2026-04-02 09:15:12.250,20260402,91512250,000009.SZ,270668,1,0,8.76,200
2026-04-02 09:15:12.470,20260402,91512470,000009.SZ,270709,2,0,8.9,200
2026-04-02 09:15:28.080,20260402,91528080,000009.SZ,273288,2,0,9.03,100
2026-04-02 09:15:33.120,20260402,91533120,000009.SZ,274209,1,0,8.78,1100
2026-04-02 09:15:34.000,20260402,91534000,000009.SZ,274382,2,0,9.68,300
2026-04-02 09:15:36.260,20260402,91536260,000009.SZ,274832,1,0,8.5,100
2026-04-02 09:15:36.260,20260402,91536260,000009.SZ,274833,2,0,9.3,100
2026-04-02 09:15:36.340,20260402,91536340,000009.SZ,274854,2,0,9.08,3200
2026-04-02 09:15:45.400,20260402,91545400,000009.SZ,276652,2,0,8.95,200
2026-04-02 09:15:45.400,20260402,91545400,000009.SZ,276653,1,0,8.66,200
2026-04-02 09:15:47.470,20260402,91547470,000009.SZ,277164,2,0,8.88,400
2026-04-02 09:15:47.510,20260402,91547510,000009.SZ,277169,1,0,8.66,400
2026-04-02 09:15:49.290,20260402,91549290,000009.SZ,277548,2,0,9.03,1000
2026-04-02 09:15:56.250,20260402,91556250,000009.SZ,279124,2,0,9.31,100
2026-04-02 09:15:56.250,20260402,91556250,000009.SZ,279125,1,0,8.04,100
2026-04-02 09:15:57.410,20260402,91557410,000009.SZ,279411,1,0,8.77,500
2026-04-02 09:16:00.900,20260402,91600900,000009.SZ,280227,2,0,9.09,1000
2026-04-02 09:16:05.050,20260402,91605050,000009.SZ,281376,2,0,8.84,100
2026-04-02 09:16:07.580,20260402,91607580,000009.SZ,282066,2,0,8.99,500
2026-04-02 09:16:11.000,20260402,91611000,000009.SZ,282880,2,0,8.88,100
2026-04-02 09:16:12.620,20260402,91612620,000009.SZ,283250,1,0,8.8,2000
2026-04-02 09:16:16.830,20260402,91616830,000009.SZ,284209,2,0,8.95,300
2026-04-02 09:16:17.040,20260402,91617040,000009.SZ,284251,2,0,8.92,100
2026-04-02 09:16:20.960,20260402,91620960,000009.SZ,285118,1,0,8.46,1500
2026-04-02 09:16:21.560,20260402,91621560,000009.SZ,285234,2,0,9.0,600
2026-04-02 09:16:23.110,20260402,91623110,000009.SZ,285576,1,0,8.6,1000
2026-04-02 09:16:23.150,20260402,91623150,000009.SZ,285595,2,0,8.96,100
2026-04-02 09:16:29.730,20260402,91629730,000009.SZ,287132,2,0,9.0,100
2026-04-02 09:16:32.460,20260402,91632460,000009.SZ,287812,2,0,9.1,600
2026-04-02 09:16:35.790,20260402,91635790,000009.SZ,288611,1,0,8.76,100
2026-04-02 09:16:37.890,20260402,91637890,000009.SZ,289125,1,0,8.7,200
2026-04-02 09:16:38.750,20260402,91638750,000009.SZ,289340,1,0,8.21,200
2026-04-02 09:16:39.220,20260402,91639220,000009.SZ,289478,2,0,9.7,421463
2026-04-02 09:16:41.950,20260402,91641950,000009.SZ,290152,1,0,8.72,100
2026-04-02 09:16:44.710,20260402,91644710,000009.SZ,290861,2,0,9.7,3600
2026-04-02 09:16:46.070,20260402,91646070,000009.SZ,291198,2,0,9.0,2000
2026-04-02 09:16:46.410,20260402,91646410,000009.SZ,291289,1,0,8.7,1000
2026-04-02 09:16:48.010,20260402,91648010,000009.SZ,291716,1,0,8.68,100
2026-04-02 09:16:49.710,20260402,91649710,000009.SZ,292150,2,0,9.63,2700
2026-04-02 09:16:51.500,20260402,91651500,000009.SZ,292603,2,0,9.03,1000
2026-04-02 09:16:53.860,20260402,91653860,000009.SZ,293219,2,0,9.58,2700
2026-04-02 09:16:57.360,20260402,91657360,000009.SZ,294166,2,0,9.51,2700
2026-04-02 09:16:59.090,20260402,91659090,000009.SZ,294662,2,0,9.19,100
2026-04-02 09:16:59.930,20260402,91659930,000009.SZ,294894,2,0,9.7,2000
2026-04-02 09:17:03.990,20260402,91703990,000009.SZ,296040,2,0,9.46,900
2026-04-02 09:17:07.260,20260402,91707260,000009.SZ,296949,2,0,9.04,1000
2026-04-02 09:17:07.370,20260402,91707370,000009.SZ,296977,2,0,8.96,600
2026-04-02 09:17:08.330,20260402,91708330,000009.SZ,297274,2,0,9.4,900
2026-04-02 09:17:11.170,20260402,91711170,000009.SZ,298019,2,0,9.37,900
2026-04-02 09:17:14.650,20260402,91714650,000009.SZ,299000,2,0,9.04,2400
2026-04-02 09:17:15.720,20260402,91715720,000009.SZ,299305,2,0,9.4,2000
2026-04-02 09:17:16.880,20260402,91716880,000009.SZ,299620,2,0,9.05,1000
2026-04-02 09:17:17.160,20260402,91717160,000009.SZ,299691,2,0,9.0,2000
2026-04-02 09:17:17.510,20260402,91717510,000009.SZ,299803,2,0,8.87,200
2026-04-02 09:17:18.050,20260402,91718050,000009.SZ,299956,2,0,9.0,1300
2026-04-02 09:17:18.310,20260402,91718310,000009.SZ,300026,2,0,9.57,300
2026-04-02 09:17:21.140,20260402,91721140,000009.SZ,300833,2,0,9.69,4000
2026-04-02 09:17:24.660,20260402,91724660,000009.SZ,301845,2,0,8.97,5700
2026-04-02 09:17:31.450,20260402,91731450,000009.SZ,303847,2,0,9.05,1000
2026-04-02 09:17:33.730,20260402,91733730,000009.SZ,304535,2,0,9.27,5400
2026-04-02 09:17:35.630,20260402,91735630,000009.SZ,305147,2,0,8.84,2100
2026-04-02 09:17:37.390,20260402,91737390,000009.SZ,305666,2,0,9.35,300
2026-04-02 09:17:38.210,20260402,91738210,000009.SZ,305924,2,0,9.7,3300
2026-04-02 09:17:40.000,20260402,91740000,000009.SZ,306471,2,0,8.98,1000
2026-04-02 09:17:40.930,20260402,91740930,000009.SZ,306772,2,0,9.03,900
2026-04-02 09:17:42.700,20260402,91742700,000009.SZ,307321,2,0,9.03,1000
2026-04-02 09:17:47.380,20260402,91747380,000009.SZ,308781,2,0,8.96,1200
2026-04-02 09:17:47.840,20260402,91747840,000009.SZ,308920,2,0,9.5,100
2026-04-02 09:17:49.360,20260402,91749360,000009.SZ,309399,2,0,8.95,2000
2026-04-02 09:17:53.890,20260402,91753890,000009.SZ,310768,2,0,9.04,1000
2026-04-02 09:17:57.460,20260402,91757460,000009.SZ,311796,2,0,9.0,2000
2026-04-02 09:18:04.400,20260402,91804400,000009.SZ,314043,2,0,9.6,600
2026-04-02 09:18:07.060,20260402,91807060,000009.SZ,314843,2,0,9.69,5000
2026-04-02 09:18:10.120,20260402,91810120,000009.SZ,315765,2,0,9.21,1000
2026-04-02 09:18:12.170,20260402,91812170,000009.SZ,316386,2,0,9.5,10000
2026-04-02 09:18:12.690,20260402,91812690,000009.SZ,316529,2,0,9.7,1300
2026-04-02 09:18:17.190,20260402,91817190,000009.SZ,317908,2,0,9.1,3000
2026-04-02 09:18:18.000,20260402,91818000,000009.SZ,318192,2,0,9.7,5000
2026-04-02 09:18:25.040,20260402,91825040,000009.SZ,320459,2,0,9.0,3000
2026-04-02 09:18:32.310,20260402,91832310,000009.SZ,322800,2,0,8.9,2000
2026-04-02 09:18:33.940,20260402,91833940,000009.SZ,323318,2,0,9.69,700
2026-04-02 09:18:36.620,20260402,91836620,000009.SZ,324185,2,0,9.25,2000
2026-04-02 09:18:36.860,20260402,91836860,000009.SZ,324266,2,0,9.2,5000
2026-04-02 09:18:45.720,20260402,91845720,000009.SZ,327189,1,0,8.82,100
2026-04-02 09:18:48.310,20260402,91848310,000009.SZ,328036,1,0,8.66,5000
2026-04-02 09:18:48.920,20260402,91848920,000009.SZ,328268,2,0,9.28,12900
2026-04-02 09:18:50.330,20260402,91850330,000009.SZ,328730,2,0,9.35,1000
2026-04-02 09:18:52.510,20260402,91852510,000009.SZ,329450,2,0,9.01,2000
2026-04-02 09:18:54.480,20260402,91854480,000009.SZ,330094,2,0,9.05,100
2026-04-02 09:18:54.770,20260402,91854770,000009.SZ,330189,1,0,8.78,2100
2026-04-02 09:18:59.620,20260402,91859620,000009.SZ,331807,2,0,8.9,3000
2026-04-02 09:19:03.630,20260402,91903630,000009.SZ,333161,2,0,9.3,300
2026-04-02 09:19:07.630,20260402,91907630,000009.SZ,334496,2,0,9.14,200
2026-04-02 09:19:10.090,20260402,91910090,000009.SZ,335356,2,0,8.91,2600
2026-04-02 09:19:10.520,20260402,91910520,000009.SZ,335503,2,0,9.7,700
2026-04-02 09:19:12.870,20260402,91912870,000009.SZ,336314,2,0,8.85,1000
2026-04-02 09:19:13.560,20260402,91913560,000009.SZ,336569,2,0,9.0,1000
2026-04-02 09:19:13.870,20260402,91913870,000009.SZ,336681,1,0,8.65,4000
2026-04-02 09:19:15.740,20260402,91915740,000009.SZ,337332,1,0,8.72,1000
2026-04-02 09:19:16.760,20260402,91916760,000009.SZ,337692,2,0,8.82,6800
2026-04-02 09:19:24.790,20260402,91924790,000009.SZ,340398,2,0,9.43,1000
2026-04-02 09:19:25.270,20260402,91925270,000009.SZ,340541,2,0,9.68,3200
2026-04-02 09:19:27.850,20260402,91927850,000009.SZ,341485,2,0,9.08,500
2026-04-02 09:19:28.400,20260402,91928400,000009.SZ,341673,2,0,8.88,13800
2026-04-02 09:19:30.720,20260402,91930720,000009.SZ,342536,1,0,8.71,1000
2026-04-02 09:19:37.010,20260402,91937010,000009.SZ,344607,2,0,8.82,2100
2026-04-02 09:19:38.260,20260402,91938260,000009.SZ,345055,2,0,9.33,600
2026-04-02 09:19:38.470,20260402,91938470,000009.SZ,345127,1,0,8.75,1000
2026-04-02 09:19:38.480,20260402,91938480,000009.SZ,345128,2,0,9.7,1600
2026-04-02 09:19:43.120,20260402,91943120,000009.SZ,346755,1,0,8.53,500
2026-04-02 09:19:48.240,20260402,91948240,000009.SZ,348535,1,0,8.31,1200
2026-04-02 09:19:51.560,20260402,91951560,000009.SZ,349703,2,0,9.39,3200
2026-04-02 09:19:51.690,20260402,91951690,000009.SZ,349749,2,0,9.66,800
2026-04-02 09:19:54.610,20260402,91954610,000009.SZ,350737,2,0,8.82,300
2026-04-02 09:19:57.580,20260402,91957580,000009.SZ,351819,2,0,8.98,400
2026-04-02 09:20:00.350,20260402,92000350,000009.SZ,352853,2,0,8.38,100
2026-04-02 09:20:00.770,20260402,92000770,000009.SZ,352987,2,0,9.7,4400
2026-04-02 09:20:02.510,20260402,92002510,000009.SZ,353598,2,0,9.07,1100
2026-04-02 09:20:03.110,20260402,92003110,000009.SZ,353903,1,0,8.51,400
2026-04-02 09:20:07.220,20260402,92007220,000009.SZ,355511,1,0,8.6,2000
2026-04-02 09:20:10.310,20260402,92010310,000009.SZ,356454,1,0,8.75,1000
2026-04-02 09:20:10.840,20260402,92010840,000009.SZ,356658,2,0,9.7,1000
2026-04-02 09:20:11.670,20260402,92011670,000009.SZ,356889,2,0,9.14,1500
2026-04-02 09:20:13.570,20260402,92013570,000009.SZ,357433,2,0,8.82,1100
2026-04-02 09:20:17.370,20260402,92017370,000009.SZ,358555,1,0,8.7,1000
2026-04-02 09:20:18.030,20260402,92018030,000009.SZ,358767,2,0,9.49,12600
2026-04-02 09:20:18.830,20260402,92018830,000009.SZ,359044,2,0,9.68,1000
2026-04-02 09:20:22.200,20260402,92022200,000009.SZ,360034,2,0,9.17,1100
2026-04-02 09:20:23.650,20260402,92023650,000009.SZ,360425,2,0,8.95,1100
2026-04-02 09:20:24.250,20260402,92024250,000009.SZ,360610,1,0,8.65,1000
2026-04-02 09:20:30.980,20260402,92030980,000009.SZ,362614,1,0,8.78,1000
2026-04-02 09:20:33.230,20260402,92033230,000009.SZ,363314,1,0,8.73,100
2026-04-02 09:20:33.790,20260402,92033790,000009.SZ,363483,2,0,9.3,8800
2026-04-02 09:20:36.780,20260402,92036780,000009.SZ,364460,2,0,8.95,2500
2026-04-02 09:20:37.120,20260402,92037120,000009.SZ,364566,2,0,9.65,7100
2026-04-02 09:20:37.340,20260402,92037340,000009.SZ,364641,2,0,8.98,4700
2026-04-02 09:20:38.370,20260402,92038370,000009.SZ,364948,2,0,9.28,1100
2026-04-02 09:20:39.960,20260402,92039960,000009.SZ,365408,2,0,9.15,600
2026-04-02 09:20:41.160,20260402,92041160,000009.SZ,365775,1,0,8.68,1100
2026-04-02 09:20:49.670,20260402,92049670,000009.SZ,368450,1,0,8.44,1000
2026-04-02 09:20:51.450,20260402,92051450,000009.SZ,369014,1,0,8.7,11400
2026-04-02 09:20:54.230,20260402,92054230,000009.SZ,369905,1,0,8.6,600
2026-04-02 09:20:58.320,20260402,92058320,000009.SZ,371246,2,0,9.7,1000
2026-04-02 09:21:01.620,20260402,92101620,000009.SZ,373182,2,0,8.96,9000
2026-04-02 09:21:07.530,20260402,92107530,000009.SZ,375555,2,0,9.7,3500
2026-04-02 09:21:07.600,20260402,92107600,000009.SZ,375572,2,0,8.99,7800
2026-04-02 09:21:14.840,20260402,92114840,000009.SZ,377974,2,0,8.95,300
2026-04-02 09:21:17.250,20260402,92117250,000009.SZ,378796,2,0,7.94,3400
2026-04-02 09:21:20.080,20260402,92120080,000009.SZ,379716,2,0,9.56,1000
2026-04-02 09:21:21.100,20260402,92121100,000009.SZ,380098,2,0,8.82,15700
2026-04-02 09:21:23.730,20260402,92123730,000009.SZ,380961,2,0,9.01,4000
2026-04-02 09:21:27.280,20260402,92127280,000009.SZ,382090,2,0,9.0,500
2026-04-02 09:21:30.730,20260402,92130730,000009.SZ,383291,2,0,8.82,500
2026-04-02 09:21:32.850,20260402,92132850,000009.SZ,384029,1,0,8.7,1000
2026-04-02 09:21:34.510,20260402,92134510,000009.SZ,384583,2,0,9.22,500
2026-04-02 09:21:39.510,20260402,92139510,000009.SZ,386324,2,0,9.7,4000
2026-04-02 09:21:40.410,20260402,92140410,000009.SZ,386607,2,0,8.95,300
2026-04-02 09:21:42.880,20260402,92142880,000009.SZ,387472,1,0,8.7,400
2026-04-02 09:21:43.720,20260402,92143720,000009.SZ,387760,2,0,9.7,10900
2026-04-02 09:21:49.380,20260402,92149380,000009.SZ,389749,1,0,8.6,3000
2026-04-02 09:21:51.650,20260402,92151650,000009.SZ,390569,2,0,9.68,1000
2026-04-02 09:21:55.120,20260402,92155120,000009.SZ,391801,1,0,8.67,200
2026-04-02 09:22:01.280,20260402,92201280,000009.SZ,394175,2,0,8.84,1000
2026-04-02 09:22:01.720,20260402,92201720,000009.SZ,394340,2,0,9.7,4000
2026-04-02 09:22:05.880,20260402,92205880,000009.SZ,395879,2,0,9.7,400
2026-04-02 09:22:08.230,20260402,92208230,000009.SZ,396825,2,0,8.99,1200
2026-04-02 09:22:11.990,20260402,92211990,000009.SZ,398233,2,0,9.03,1000
2026-04-02 09:22:17.000,20260402,92217000,000009.SZ,400141,2,0,8.89,3000
2026-04-02 09:22:22.930,20260402,92222930,000009.SZ,402483,2,0,9.7,100
2026-04-02 09:22:25.380,20260402,92225380,000009.SZ,403444,2,0,8.95,2000
2026-04-02 09:22:31.570,20260402,92231570,000009.SZ,405967,1,0,8.71,6000
2026-04-02 09:22:48.740,20260402,92248740,000009.SZ,413151,2,0,9.15,1800
2026-04-02 09:22:49.710,20260402,92249710,000009.SZ,413508,2,0,9.7,700
2026-04-02 09:22:49.760,20260402,92249760,000009.SZ,413522,2,0,9.47,2000
2026-04-02 09:22:49.950,20260402,92249950,000009.SZ,413599,1,0,8.8,30000
2026-04-02 09:22:51.950,20260402,92251950,000009.SZ,414411,1,0,8.37,500
2026-04-02 09:23:00.070,20260402,92300070,000009.SZ,417757,2,0,8.9,2000
2026-04-02 09:23:01.600,20260402,92301600,000009.SZ,418429,2,0,9.7,600
2026-04-02 09:23:03.410,20260402,92303410,000009.SZ,419287,2,0,7.94,1900
2026-04-02 09:23:07.070,20260402,92307070,000009.SZ,420909,2,0,9.03,1000
2026-04-02 09:23:08.570,20260402,92308570,000009.SZ,421604,1,0,8.13,100
2026-04-02 09:23:10.100,20260402,92310100,000009.SZ,422295,2,0,9.09,400
2026-04-02 09:23:11.330,20260402,92311330,000009.SZ,422880,2,0,9.0,3000
2026-04-02 09:23:13.460,20260402,92313460,000009.SZ,423815,1,0,8.71,6000
2026-04-02 09:23:13.970,20260402,92313970,000009.SZ,424032,2,0,9.66,600
2026-04-02 09:23:15.900,20260402,92315900,000009.SZ,424936,1,0,8.6,1000
2026-04-02 09:23:18.190,20260402,92318190,000009.SZ,426008,1,0,8.59,500
2026-04-02 09:23:19.880,20260402,92319880,000009.SZ,426804,2,0,9.69,400
2026-04-02 09:23:22.640,20260402,92322640,000009.SZ,428032,2,0,8.9,100
2026-04-02 09:23:23.300,20260402,92323300,000009.SZ,428369,2,0,8.81,100
2026-04-02 09:23:24.530,20260402,92324530,000009.SZ,428947,2,0,8.97,1000
2026-04-02 09:23:28.780,20260402,92328780,000009.SZ,430996,1,0,8.4,200
2026-04-02 09:23:30.630,20260402,92330630,000009.SZ,431878,2,0,9.1,3000
2026-04-02 09:23:30.950,20260402,92330950,000009.SZ,432022,2,0,8.91,2000
2026-04-02 09:23:31.590,20260402,92331590,000009.SZ,432317,2,0,8.81,500
2026-04-02 09:23:32.120,20260402,92332120,000009.SZ,432559,2,0,9.69,6000
2026-04-02 09:23:32.940,20260402,92332940,000009.SZ,432985,1,0,8.78,100
2026-04-02 09:23:34.030,20260402,92334030,000009.SZ,433539,2,0,8.92,1000
2026-04-02 09:23:34.990,20260402,92334990,000009.SZ,434004,2,0,9.65,500
2026-04-02 09:23:35.080,20260402,92335080,000009.SZ,434064,2,0,8.81,7000
2026-04-02 09:23:40.930,20260402,92340930,000009.SZ,436885,2,0,8.98,500
2026-04-02 09:23:42.460,20260402,92342460,000009.SZ,437656,1,0,8.42,700
2026-04-02 09:23:46.930,20260402,92346930,000009.SZ,439868,2,0,9.7,700
2026-04-02 09:23:47.240,20260402,92347240,000009.SZ,440038,2,0,8.92,3000
2026-04-02 09:23:49.190,20260402,92349190,000009.SZ,440993,2,0,9.25,500
2026-04-02 09:23:57.870,20260402,92357870,000009.SZ,445210,1,0,8.81,1000
2026-04-02 09:23:58.770,20260402,92358770,000009.SZ,445656,2,0,8.87,600
2026-04-02 09:24:00.080,20260402,92400080,000009.SZ,446424,2,0,8.38,100
2026-04-02 09:24:02.460,20260402,92402460,000009.SZ,447804,1,0,8.51,1200
2026-04-02 09:24:04.470,20260402,92404470,000009.SZ,448939,2,0,9.3,3000
2026-04-02 09:24:09.990,20260402,92409990,000009.SZ,452043,2,0,8.95,6800
2026-04-02 09:24:11.340,20260402,92411340,000009.SZ,452925,1,0,7.94,100
2026-04-02 09:24:15.310,20260402,92415310,000009.SZ,455513,2,0,8.79,5800
2026-04-02 09:24:15.610,20260402,92415610,000009.SZ,455712,2,0,9.7,2000
2026-04-02 09:24:16.730,20260402,92416730,000009.SZ,456490,2,0,9.7,6700
2026-04-02 09:24:16.790,20260402,92416790,000009.SZ,456537,2,0,8.96,1000
2026-04-02 09:24:16.980,20260402,92416980,000009.SZ,456668,2,0,9.03,200
2026-04-02 09:24:17.180,20260402,92417180,000009.SZ,456798,2,0,9.4,3000
2026-04-02 09:24:17.410,20260402,92417410,000009.SZ,456952,2,0,9.05,300
2026-04-02 09:24:20.180,20260402,92420180,000009.SZ,458877,2,0,8.8,5800
2026-04-02 09:24:22.080,20260402,92422080,000009.SZ,460232,2,0,9.4,1000
2026-04-02 09:24:23.760,20260402,92423760,000009.SZ,461390,1,0,8.7,13100
2026-04-02 09:24:25.150,20260402,92425150,000009.SZ,462329,2,0,8.82,1400
2026-04-02 09:24:25.860,20260402,92425860,000009.SZ,462815,2,0,8.89,1500
2026-04-02 09:24:28.400,20260402,92428400,000009.SZ,464578,2,0,9.6,5000
2026-04-02 09:24:28.500,20260402,92428500,000009.SZ,464643,2,0,8.79,2000
2026-04-02 09:24:30.260,20260402,92430260,000009.SZ,466004,2,0,8.8,11500
2026-04-02 09:24:30.400,20260402,92430400,000009.SZ,466140,2,0,9.3,1000
2026-04-02 09:24:31.660,20260402,92431660,000009.SZ,467205,2,0,9.7,8000
2026-04-02 09:24:34.080,20260402,92434080,000009.SZ,468924,2,0,9.66,100
2026-04-02 09:24:34.160,20260402,92434160,000009.SZ,468988,1,0,8.31,100
2026-04-02 09:24:37.840,20260402,92437840,000009.SZ,471753,2,0,9.7,7700
2026-04-02 09:24:39.510,20260402,92439510,000009.SZ,473224,2,0,8.65,1100
2026-04-02 09:24:40.060,20260402,92440060,000009.SZ,473671,2,0,9.69,3000
2026-04-02 09:24:45.720,20260402,92445720,000009.SZ,477958,2,0,8.8,800
2026-04-02 09:24:48.090,20260402,92448090,000009.SZ,479900,2,0,8.8,17200
2026-04-02 09:24:49.190,20260402,92449190,000009.SZ,481155,1,0,8.81,10000
2026-04-02 09:24:49.270,20260402,92449270,000009.SZ,481270,2,0,9.7,10000
2026-04-02 09:24:49.790,20260402,92449790,000009.SZ,481975,1,0,8.79,1200
2026-04-02 09:24:50.410,20260402,92450410,000009.SZ,483128,1,0,8.76,10000
2026-04-02 09:24:50.830,20260402,92450830,000009.SZ,483555,1,0,8.81,5000
2026-04-02 09:24:51.590,20260402,92451590,000009.SZ,484507,2,0,8.67,100
2026-04-02 09:24:52.980,20260402,92452980,000009.SZ,486109,2,0,8.66,6900
2026-04-02 09:24:53.060,20260402,92453060,000009.SZ,486231,1,0,8.47,3000
2026-04-02 09:24:54.240,20260402,92454240,000009.SZ,487979,2,0,8.79,100
2026-04-02 09:24:54.360,20260402,92454360,000009.SZ,488191,2,0,7.94,100
2026-04-02 09:24:54.640,20260402,92454640,000009.SZ,488628,1,0,8.89,100
2026-04-02 09:24:54.980,20260402,92454980,000009.SZ,489180,2,0,8.78,5000
2026-04-02 09:24:56.110,20260402,92456110,000009.SZ,491371,2,0,8.74,7100
2026-04-02 09:24:56.140,20260402,92456140,000009.SZ,491426,2,0,8.74,5500
2026-04-02 09:24:56.360,20260402,92456360,000009.SZ,492016,2,0,8.71,300
2026-04-02 09:24:56.570,20260402,92456570,000009.SZ,492498,2,0,8.71,200
2026-04-02 09:24:56.610,20260402,92456610,000009.SZ,492603,1,0,8.89,100
2026-04-02 09:24:56.660,20260402,92456660,000009.SZ,492736,2,0,8.81,5700
2026-04-02 09:24:56.910,20260402,92456910,000009.SZ,493265,2,0,8.71,100
2026-04-02 09:24:58.390,20260402,92458390,000009.SZ,497386,2,0,8.76,2000
2026-04-02 09:24:58.460,20260402,92458460,000009.SZ,497880,2,0,8.74,4800
2026-04-02 09:24:59.110,20260402,92459110,000009.SZ,500323,2,0,8.74,7200
2026-04-02 09:24:59.520,20260402,92459520,000009.SZ,502227,2,0,8.68,1600
2026-04-02 09:24:59.620,20260402,92459620,000009.SZ,502862,2,0,8.77,5200
2026-04-02 09:24:59.930,20260402,92459930,000009.SZ,504654,2,0,8.75,1100
2026-04-02 09:24:59.930,20260402,92459930,000009.SZ,504728,2,0,8.76,28900
2026-04-02 09:30:00.030,20260402,93000030,000009.SZ,582860,1,0,8.73,1000
2026-04-02 09:30:00.030,20260402,93000030,000009.SZ,584014,2,0,8.75,200
2026-04-02 09:30:00.030,20260402,93000030,000009.SZ,584140,1,0,8.7,300
2026-04-02 09:30:00.030,20260402,93000030,000009.SZ,584553,2,0,9.0,2000
2026-04-02 09:30:00.030,20260402,93000030,000009.SZ,584728,2,0,8.75,3800
2026-04-02 09:30:00.030,20260402,93000030,000009.SZ,586671,2,0,8.8,5000
2026-04-02 09:30:00.040,20260402,93000040,000009.SZ,590057,2,0,8.75,100
2026-04-02 09:30:00.040,20260402,93000040,000009.SZ,590691,1,0,8.48,3000
2026-04-02 09:30:00.040,20260402,93000040,000009.SZ,591135,1,0,8.08,700
2026-04-02 09:30:00.040,20260402,93000040,000009.SZ,592141,1,0,8.75,5000
2026-04-02 09:30:00.050,20260402,93000050,000009.SZ,594546,2,0,9.5,500
2026-04-02 09:30:00.050,20260402,93000050,000009.SZ,594997,2,0,9.7,500
2026-04-02 09:30:00.050,20260402,93000050,000009.SZ,596823,1,0,8.74,1000
2026-04-02 09:30:00.050,20260402,93000050,000009.SZ,598012,2,0,8.96,1000
2026-04-02 09:30:00.060,20260402,93000060,000009.SZ,599347,1,0,8.68,2300
2026-04-02 09:30:00.060,20260402,93000060,000009.SZ,599514,1,0,8.68,1000
2026-04-02 09:30:00.060,20260402,93000060,000009.SZ,602693,1,0,8.71,2000
2026-04-02 09:30:00.060,20260402,93000060,000009.SZ,603166,1,0,8.7,300
2026-04-02 09:30:00.070,20260402,93000070,000009.SZ,605116,1,0,7.95,100
2026-04-02 09:30:00.070,20260402,93000070,000009.SZ,605125,2,0,8.77,12100
2026-04-02 09:30:00.070,20260402,93000070,000009.SZ,605616,2,0,8.89,4000
2026-04-02 09:30:00.070,20260402,93000070,000009.SZ,605810,2,0,9.13,1200
2026-04-02 09:30:00.070,20260402,93000070,000009.SZ,608804,1,0,7.95,100
2026-04-02 09:30:00.080,20260402,93000080,000009.SZ,609355,1,0,8.7,300
2026-04-02 09:30:00.080,20260402,93000080,000009.SZ,609859,1,0,8.77,500
2026-04-02 09:30:00.080,20260402,93000080,000009.SZ,611357,2,0,8.77,6800
2026-04-02 09:30:00.090,20260402,93000090,000009.SZ,615649,2,0,8.84,1800
2026-04-02 09:30:00.090,20260402,93000090,000009.SZ,615959,2,0,8.75,100
2026-04-02 09:30:00.090,20260402,93000090,000009.SZ,617525,2,0,9.4,1100
2026-04-02 09:30:00.100,20260402,93000100,000009.SZ,620112,1,0,8.71,1000
2026-04-02 09:30:00.100,20260402,93000100,000009.SZ,620413,2,0,9.7,2200
2026-04-02 09:30:00.100,20260402,93000100,000009.SZ,623023,2,0,9.15,1000
2026-04-02 09:30:00.100,20260402,93000100,000009.SZ,623057,2,0,9.58,4000
2026-04-02 09:30:00.100,20260402,93000100,000009.SZ,624433,1,0,8.72,5500
2026-04-02 09:30:00.100,20260402,93000100,000009.SZ,624798,2,0,8.82,1000
2026-04-02 09:30:00.100,20260402,93000100,000009.SZ,625652,1,0,8.68,1200
2026-04-02 09:30:00.110,20260402,93000110,000009.SZ,626161,2,0,8.82,5000
2026-04-02 09:30:00.110,20260402,93000110,000009.SZ,626418,2,0,8.91,9600
2026-04-02 09:30:00.110,20260402,93000110,000009.SZ,626545,2,0,8.95,1000
2026-04-02 09:30:00.110,20260402,93000110,000009.SZ,627957,1,0,8.77,500
2026-04-02 09:30:00.110,20260402,93000110,000009.SZ,629550,2,0,9.7,3000
2026-04-02 09:30:00.110,20260402,93000110,000009.SZ,629641,1,0,8.68,200
2026-04-02 09:30:00.120,20260402,93000120,000009.SZ,631865,2,0,9.08,2000
2026-04-02 09:30:00.120,20260402,93000120,000009.SZ,631965,1,0,8.73,7000
2026-04-02 09:30:00.120,20260402,93000120,000009.SZ,633240,2,0,9.42,600
2026-04-02 09:30:00.120,20260402,93000120,000009.SZ,633432,1,0,8.77,300
2026-04-02 09:30:00.120,20260402,93000120,000009.SZ,634514,1,0,8.74,10000
2026-04-02 09:30:00.120,20260402,93000120,000009.SZ,635991,2,0,8.77,800
2026-04-02 09:30:00.120,20260402,93000120,000009.SZ,636036,1,0,8.73,100
2026-04-02 09:30:00.130,20260402,93000130,000009.SZ,639058,1,0,8.7,1000
2026-04-02 09:30:00.130,20260402,93000130,000009.SZ,639782,1,0,8.65,2000
2026-04-02 09:30:00.130,20260402,93000130,000009.SZ,640500,1,0,8.77,500
2026-04-02 09:30:00.130,20260402,93000130,000009.SZ,641556,2,0,9.0,600
2026-04-02 09:30:00.150,20260402,93000150,000009.SZ,648953,2,0,8.77,3000
2026-04-02 09:30:00.150,20260402,93000150,000009.SZ,652023,1,0,8.45,1900
2026-04-02 09:30:00.150,20260402,93000150,000009.SZ,652283,2,0,8.79,5000
2026-04-02 09:30:00.160,20260402,93000160,000009.SZ,653105,2,0,8.83,1200
2026-04-02 09:30:00.160,20260402,93000160,000009.SZ,653214,2,0,9.7,6000
2026-04-02 09:30:00.160,20260402,93000160,000009.SZ,654476,2,0,9.3,1000
2026-04-02 09:30:00.160,20260402,93000160,000009.SZ,655490,2,0,8.78,400
2026-04-02 09:30:00.160,20260402,93000160,000009.SZ,656867,1,0,8.5,500
2026-04-02 09:30:00.160,20260402,93000160,000009.SZ,656893,2,0,9.02,500
2026-04-02 09:30:00.160,20260402,93000160,000009.SZ,657386,1,0,8.75,300
2026-04-02 09:30:00.160,20260402,93000160,000009.SZ,657394,1,0,8.7,300
2026-04-02 09:30:00.160,20260402,93000160,000009.SZ,657465,1,0,8.65,300
2026-04-02 09:30:00.170,20260402,93000170,000009.SZ,658957,1,0,8.71,5000
2026-04-02 09:30:00.170,20260402,93000170,000009.SZ,660451,2,0,9.69,1100
2026-04-02 09:30:00.170,20260402,93000170,000009.SZ,661069,2,0,9.2,100
2026-04-02 09:30:00.170,20260402,93000170,000009.SZ,661383,1,0,8.67,200
2026-04-02 09:30:00.170,20260402,93000170,000009.SZ,661545,2,0,9.22,5000
2026-04-02 09:30:00.170,20260402,93000170,000009.SZ,661897,2,0,8.77,3100
2026-04-02 09:30:00.180,20260402,93000180,000009.SZ,662202,1,0,8.6,300
2026-04-02 09:30:00.180,20260402,93000180,000009.SZ,663286,2,0,9.7,2000
2026-04-02 09:30:00.180,20260402,93000180,000009.SZ,664739,1,0,8.74,12000
2026-04-02 09:30:00.180,20260402,93000180,000009.SZ,665177,1,0,8.7,500
2026-04-02 09:30:00.180,20260402,93000180,000009.SZ,665198,1,0,8.77,5500
2026-04-02 09:30:00.180,20260402,93000180,000009.SZ,666071,1,0,8.7,1000
2026-04-02 09:30:00.190,20260402,93000190,000009.SZ,666472,1,0,8.61,1000
2026-04-02 09:30:00.190,20260402,93000190,000009.SZ,666545,2,0,8.85,1800
2026-04-02 09:30:00.190,20260402,93000190,000009.SZ,669841,1,0,8.6,500
2026-04-02 09:30:00.200,20260402,93000200,000009.SZ,670644,1,0,8.55,300
2026-04-02 09:30:00.200,20260402,93000200,000009.SZ,673413,1,0,8.71,7000
2026-04-02 09:30:00.210,20260402,93000210,000009.SZ,674314,2,0,9.0,500
2026-04-02 09:30:00.210,20260402,93000210,000009.SZ,677301,2,0,9.0,1000
2026-04-02 09:30:00.220,20260402,93000220,000009.SZ,678021,2,0,8.91,1000
2026-04-02 09:30:00.220,20260402,93000220,000009.SZ,678414,2,0,8.95,1000
2026-04-02 09:30:00.220,20260402,93000220,000009.SZ,678433,1,0,8.78,10000
2026-04-02 09:30:00.220,20260402,93000220,000009.SZ,679709,2,0,8.78,700
2026-04-02 09:30:00.220,20260402,93000220,000009.SZ,680180,2,0,9.0,1000
2026-04-02 09:30:00.230,20260402,93000230,000009.SZ,681715,1,0,8.71,900
2026-04-02 09:30:00.230,20260402,93000230,000009.SZ,682559,1,0,8.71,21300
2026-04-02 09:30:00.240,20260402,93000240,000009.SZ,686864,2,0,9.0,1700
2026-04-02 09:30:00.240,20260402,93000240,000009.SZ,687102,1,0,8.68,500
2026-04-02 09:30:00.240,20260402,93000240,000009.SZ,687112,1,0,8.77,1100
2026-04-02 09:30:00.240,20260402,93000240,000009.SZ,687214,2,0,8.98,1700
2026-04-02 09:30:00.240,20260402,93000240,000009.SZ,688786,2,0,8.76,1000
2026-04-02 09:30:00.240,20260402,93000240,000009.SZ,688879,1,0,8.45,500
2026-04-02 09:30:00.250,20260402,93000250,000009.SZ,689828,2,0,8.77,200
2026-04-02 09:30:00.250,20260402,93000250,000009.SZ,691324,2,0,9.08,2100
2026-04-02 09:30:00.250,20260402,93000250,000009.SZ,691798,2,0,8.77,22300
2026-04-02 09:30:00.260,20260402,93000260,000009.SZ,693564,2,0,8.99,3000
2026-04-02 09:30:00.280,20260402,93000280,000009.SZ,699673,2,0,8.98,3000
2026-04-02 09:30:00.300,20260402,93000300,000009.SZ,705967,1,0,8.4,2000
2026-04-02 09:30:00.310,20260402,93000310,000009.SZ,707862,2,0,9.6,100
2026-04-02 09:30:00.320,20260402,93000320,000009.SZ,712004,1,0,8.58,1000
2026-04-02 09:30:00.320,20260402,93000320,000009.SZ,712414,1,0,8.48,1000
2026-04-02 09:30:00.330,20260402,93000330,000009.SZ,712783,1,0,8.38,2000
2026-04-02 09:30:00.330,20260402,93000330,000009.SZ,715148,1,0,8.77,300
2026-04-02 09:30:00.340,20260402,93000340,000009.SZ,717267,2,0,8.71,500
2026-04-02 09:30:00.340,20260402,93000340,000009.SZ,717318,1,0,8.71,500
2026-04-02 09:30:00.360,20260402,93000360,000009.SZ,719905,1,0,8.5,1500
2026-04-02 09:30:00.360,20260402,93000360,000009.SZ,720854,2,0,9.02,1000
2026-04-02 09:30:00.360,20260402,93000360,000009.SZ,721011,2,0,9.15,500
2026-04-02 09:30:00.360,20260402,93000360,000009.SZ,721049,1,0,8.7,500
2026-04-02 09:30:00.360,20260402,93000360,000009.SZ,721532,2,0,8.77,13200
2026-04-02 09:30:00.370,20260402,93000370,000009.SZ,722268,2,0,8.77,300
2026-04-02 09:30:00.370,20260402,93000370,000009.SZ,722269,2,0,8.77,600
2026-04-02 09:30:00.370,20260402,93000370,000009.SZ,722917,1,0,8.68,3000
2026-04-02 09:30:00.370,20260402,93000370,000009.SZ,723128,2,0,8.82,18900
2026-04-02 09:30:00.370,20260402,93000370,000009.SZ,723920,2,0,9.13,400
2026-04-02 09:30:00.370,20260402,93000370,000009.SZ,724389,2,0,8.76,100
2026-04-02 09:30:00.370,20260402,93000370,000009.SZ,724402,2,0,8.76,100
2026-04-02 09:30:00.380,20260402,93000380,000009.SZ,725140,1,0,8.78,400
2026-04-02 09:30:00.380,20260402,93000380,000009.SZ,726724,1,0,8.71,400
2026-04-02 09:30:00.390,20260402,93000390,000009.SZ,727173,1,0,8.6,500
2026-04-02 09:30:00.390,20260402,93000390,000009.SZ,728051,2,0,8.74,300
2026-04-02 09:30:00.410,20260402,93000410,000009.SZ,732568,2,0,9.69,7800
2026-04-02 09:30:00.410,20260402,93000410,000009.SZ,733098,1,0,8.72,8500
2026-04-02 09:30:00.410,20260402,93000410,000009.SZ,733461,1,0,8.3,500
2026-04-02 09:30:00.420,20260402,93000420,000009.SZ,734625,1,0,8.73,5000
2026-04-02 09:30:00.420,20260402,93000420,000009.SZ,734629,2,0,8.9,5000
2026-04-02 09:30:00.420,20260402,93000420,000009.SZ,734630,2,0,9.03,5000
2026-04-02 09:30:00.420,20260402,93000420,000009.SZ,734791,1,0,8.78,1400
2026-04-02 09:30:00.430,20260402,93000430,000009.SZ,735397,2,0,8.99,1700
2026-04-02 09:30:00.440,20260402,93000440,000009.SZ,737245,2,0,8.95,800
2026-04-02 09:30:00.450,20260402,93000450,000009.SZ,738491,1,0,8.67,5000
2026-04-02 09:30:00.460,20260402,93000460,000009.SZ,740488,2,0,8.89,2700
2026-04-02 09:30:00.460,20260402,93000460,000009.SZ,740664,1,0,8.77,200
2026-04-02 09:30:00.460,20260402,93000460,000009.SZ,740817,2,0,8.99,2700
2026-04-02 09:30:00.460,20260402,93000460,000009.SZ,740980,2,0,9.0,2700
2026-04-02 09:30:00.460,20260402,93000460,000009.SZ,741253,2,0,9.01,2700
2026-04-02 09:30:00.460,20260402,93000460,000009.SZ,741259,1,0,7.96,2000
2026-04-02 09:30:00.460,20260402,93000460,000009.SZ,741799,2,0,9.02,2700
2026-04-02 09:30:00.460,20260402,93000460,000009.SZ,741842,1,0,8.74,4300
2026-04-02 09:30:00.480,20260402,93000480,000009.SZ,743233,1,0,8.6,500
2026-04-02 09:30:00.480,20260402,93000480,000009.SZ,743405,2,0,8.95,3000
2026-04-02 09:30:00.480,20260402,93000480,000009.SZ,744204,1,0,8.51,1500
2026-04-02 09:30:00.480,20260402,93000480,000009.SZ,744607,2,0,9.7,10000
2026-04-02 09:30:00.500,20260402,93000500,000009.SZ,746486,2,0,8.88,1000
2026-04-02 09:30:00.500,20260402,93000500,000009.SZ,747738,2,0,8.76,600
2026-04-02 09:30:00.510,20260402,93000510,000009.SZ,748273,2,0,8.76,300
2026-04-02 09:30:00.530,20260402,93000530,000009.SZ,752298,1,0,8.7,2000
2026-04-02 09:30:00.530,20260402,93000530,000009.SZ,752554,1,0,8.75,3000
2026-04-02 09:30:00.530,20260402,93000530,000009.SZ,752770,1,0,8.73,300
2026-04-02 09:30:00.540,20260402,93000540,000009.SZ,753081,1,0,8.55,1300
2026-04-02 09:30:00.550,20260402,93000550,000009.SZ,754443,1,0,8.74,1200
2026-04-02 09:30:00.560,20260402,93000560,000009.SZ,756730,1,0,8.7,10000
2026-04-02 09:30:00.580,20260402,93000580,000009.SZ,760712,1,0,8.7,3000
2026-04-02 09:30:00.590,20260402,93000590,000009.SZ,760945,2,0,9.69,300
2026-04-02 09:30:00.590,20260402,93000590,000009.SZ,761464,2,0,8.97,1000
2026-04-02 09:30:00.590,20260402,93000590,000009.SZ,761971,1,0,8.69,600
2026-04-02 09:30:00.600,20260402,93000600,000009.SZ,763417,1,0,8.5,500
2026-04-02 09:30:00.640,20260402,93000640,000009.SZ,768036,1,0,8.47,300
2026-04-02 09:30:00.640,20260402,93000640,000009.SZ,768554,2,0,8.77,900
2026-04-02 09:30:00.640,20260402,93000640,000009.SZ,768893,2,0,8.78,4600
2026-04-02 09:30:00.660,20260402,93000660,000009.SZ,770509,1,0,8.75,200
2026-04-02 09:30:00.660,20260402,93000660,000009.SZ,771048,1,0,8.72,4000
2026-04-02 09:30:00.670,20260402,93000670,000009.SZ,771864,1,0,8.78,400
2026-04-02 09:30:00.670,20260402,93000670,000009.SZ,772201,2,0,9.38,1500
2026-04-02 09:30:00.690,20260402,93000690,000009.SZ,775527,1,0,8.6,1500
2026-04-02 09:30:00.700,20260402,93000700,000009.SZ,776001,1,0,8.77,5000
2026-04-02 09:30:00.710,20260402,93000710,000009.SZ,777539,2,0,8.91,9300
2026-04-02 09:30:00.750,20260402,93000750,000009.SZ,782991,2,0,9.7,3300
2026-04-02 09:30:00.760,20260402,93000760,000009.SZ,784824,2,0,8.78,5000
2026-04-02 09:30:00.770,20260402,93000770,000009.SZ,785505,1,0,8.75,1000
2026-04-02 09:30:00.770,20260402,93000770,000009.SZ,786313,1,0,8.75,3900
2026-04-02 09:30:00.780,20260402,93000780,000009.SZ,786667,2,0,9.7,100
2026-04-02 09:30:00.780,20260402,93000780,000009.SZ,787491,1,0,8.77,4000
2026-04-02 09:30:00.790,20260402,93000790,000009.SZ,788640,1,0,8.75,1000
2026-04-02 09:30:00.790,20260402,93000790,000009.SZ,789322,2,0,9.7,6000
2026-04-02 09:30:00.790,20260402,93000790,000009.SZ,789442,2,0,9.08,4600
2026-04-02 09:30:00.800,20260402,93000800,000009.SZ,790681,1,0,8.74,300
2026-04-02 09:30:00.810,20260402,93000810,000009.SZ,792267,1,0,8.75,2000
2026-04-02 09:30:00.820,20260402,93000820,000009.SZ,793336,1,0,8.78,19100
2026-04-02 09:30:00.850,20260402,93000850,000009.SZ,795574,1,0,8.67,500
2026-04-02 09:30:00.850,20260402,93000850,000009.SZ,795759,2,0,9.07,300
2026-04-02 09:30:00.850,20260402,93000850,000009.SZ,796202,1,0,8.66,200
2026-04-02 09:30:00.860,20260402,93000860,000009.SZ,797180,1,0,8.6,1100
2026-04-02 09:30:00.870,20260402,93000870,000009.SZ,797539,2,0,8.77,700
2026-04-02 09:30:00.870,20260402,93000870,000009.SZ,798069,1,0,8.2,500
2026-04-02 09:30:00.890,20260402,93000890,000009.SZ,799321,2,0,9.05,1100
2026-04-02 09:30:00.890,20260402,93000890,000009.SZ,800276,1,0,8.67,1900
2026-04-02 09:30:00.900,20260402,93000900,000009.SZ,800593,1,0,8.71,2900
2026-04-02 09:30:00.900,20260402,93000900,000009.SZ,801088,2,0,9.19,1900
2026-04-02 09:30:00.960,20260402,93000960,000009.SZ,809329,2,0,8.72,5000
2026-04-02 09:30:00.970,20260402,93000970,000009.SZ,809785,2,0,8.87,500
2026-04-02 09:30:00.970,20260402,93000970,000009.SZ,809828,2,0,9.11,3900
2026-04-02 09:30:00.990,20260402,93000990,000009.SZ,812993,1,0,8.5,300
2026-04-02 09:30:01.000,20260402,93001000,000009.SZ,813041,1,0,8.71,3000
2026-04-02 09:30:01.010,20260402,93001010,000009.SZ,814024,2,0,8.89,20000
2026-04-02 09:30:01.010,20260402,93001010,000009.SZ,814081,1,0,8.74,100
2026-04-02 09:30:01.010,20260402,93001010,000009.SZ,814896,1,0,8.55,30000
2026-04-02 09:30:01.030,20260402,93001030,000009.SZ,816664,2,0,9.12,200
2026-04-02 09:30:01.040,20260402,93001040,000009.SZ,817387,1,0,8.68,3000
2026-04-02 09:30:01.040,20260402,93001040,000009.SZ,817493,1,0,8.58,3000
2026-04-02 09:30:01.040,20260402,93001040,000009.SZ,817557,1,0,8.5,500
2026-04-02 09:30:01.050,20260402,93001050,000009.SZ,819056,1,0,8.64,3500
2026-04-02 09:30:01.060,20260402,93001060,000009.SZ,819527,1,0,8.65,700
2026-04-02 09:30:01.090,20260402,93001090,000009.SZ,822043,2,0,8.88,2800
2026-04-02 09:30:01.100,20260402,93001100,000009.SZ,823167,2,0,8.77,1100
2026-04-02 09:30:01.100,20260402,93001100,000009.SZ,823424,2,0,8.77,13000
2026-04-02 09:30:01.130,20260402,93001130,000009.SZ,825734,2,0,9.7,10000
2026-04-02 09:30:01.140,20260402,93001140,000009.SZ,827093,1,0,8.41,10000
2026-04-02 09:30:01.140,20260402,93001140,000009.SZ,827233,1,0,8.77,600
2026-04-02 09:30:01.140,20260402,93001140,000009.SZ,827413,1,0,8.7,1800
2026-04-02 09:30:01.140,20260402,93001140,000009.SZ,827428,2,0,8.82,100
2026-04-02 09:30:01.150,20260402,93001150,000009.SZ,827692,1,0,8.5,100
2026-04-02 09:30:01.150,20260402,93001150,000009.SZ,828195,2,0,9.5,100
2026-04-02 09:30:01.160,20260402,93001160,000009.SZ,828602,2,0,9.7,100
2026-04-02 09:30:01.170,20260402,93001170,000009.SZ,829561,1,0,8.71,5000
2026-04-02 09:30:01.200,20260402,93001200,000009.SZ,832738,1,0,8.71,10000
2026-04-02 09:30:01.220,20260402,93001220,000009.SZ,834630,2,0,9.28,1000
2026-04-02 09:30:01.220,20260402,93001220,000009.SZ,834998,2,0,8.89,200
2026-04-02 09:30:01.240,20260402,93001240,000009.SZ,837270,1,0,8.6,1000
2026-04-02 09:30:01.250,20260402,93001250,000009.SZ,837375,2,0,8.88,1000
2026-04-02 09:30:01.260,20260402,93001260,000009.SZ,838439,1,0,8.77,10500
2026-04-02 09:30:01.270,20260402,93001270,000009.SZ,840003,2,0,8.76,2100
2026-04-02 09:30:01.280,20260402,93001280,000009.SZ,841106,1,0,8.16,100
2026-04-02 09:30:01.300,20260402,93001300,000009.SZ,842813,2,0,8.77,200
2026-04-02 09:30:01.300,20260402,93001300,000009.SZ,842859,2,0,9.13,5100
2026-04-02 09:30:01.310,20260402,93001310,000009.SZ,843389,2,0,8.9,2000
2026-04-02 09:30:01.320,20260402,93001320,000009.SZ,844859,1,0,8.77,3000
2026-04-02 09:30:01.320,20260402,93001320,000009.SZ,845031,2,0,8.79,8300
2026-04-02 09:30:01.330,20260402,93001330,000009.SZ,846163,1,0,8.6,1000
2026-04-02 09:30:01.340,20260402,93001340,000009.SZ,846269,1,0,8.78,100
2026-04-02 09:30:01.340,20260402,93001340,000009.SZ,846492,2,0,9.66,1900
2026-04-02 09:30:01.340,20260402,93001340,000009.SZ,847093,1,0,8.77,800
2026-04-02 09:30:01.350,20260402,93001350,000009.SZ,847666,1,0,8.5,2000
2026-04-02 09:30:01.350,20260402,93001350,000009.SZ,848318,2,0,9.68,1000
2026-04-02 09:30:01.360,20260402,93001360,000009.SZ,848966,1,0,8.75,1000
2026-04-02 09:30:01.360,20260402,93001360,000009.SZ,849663,2,0,8.74,600
2026-04-02 09:30:01.370,20260402,93001370,000009.SZ,849852,1,0,8.61,10000
2026-04-02 09:30:01.370,20260402,93001370,000009.SZ,850622,1,0,8.51,10000
2026-04-02 09:30:01.380,20260402,93001380,000009.SZ,851330,2,0,9.66,1000
2026-04-02 09:30:01.390,20260402,93001390,000009.SZ,852247,1,0,8.75,1000
2026-04-02 09:30:01.400,20260402,93001400,000009.SZ,853342,2,0,8.95,1000
2026-04-02 09:30:01.410,20260402,93001410,000009.SZ,854641,2,0,8.74,600
2026-04-02 09:30:01.410,20260402,93001410,000009.SZ,854821,2,0,8.89,4000
2026-04-02 09:30:01.410,20260402,93001410,000009.SZ,855296,1,0,8.46,200
2026-04-02 09:30:01.450,20260402,93001450,000009.SZ,858992,2,0,8.76,1100
2026-04-02 09:30:01.510,20260402,93001510,000009.SZ,862720,1,0,8.42,2000
2026-04-02 09:30:01.530,20260402,93001530,000009.SZ,864095,1,0,8.31,10000
2026-04-02 09:30:01.530,20260402,93001530,000009.SZ,864161,2,0,9.13,6600
2026-04-02 09:30:01.540,20260402,93001540,000009.SZ,864776,2,0,9.6,500
2026-04-02 09:30:01.570,20260402,93001570,000009.SZ,867466,2,0,8.98,3000
2026-04-02 09:30:01.600,20260402,93001600,000009.SZ,868857,1,0,8.8,200
2026-04-02 09:30:01.600,20260402,93001600,000009.SZ,869024,2,0,8.76,1100
2026-04-02 09:30:01.620,20260402,93001620,000009.SZ,870288,1,0,8.73,900
2026-04-02 09:30:01.620,20260402,93001620,000009.SZ,870457,2,0,9.19,1000
2026-04-02 09:30:01.620,20260402,93001620,000009.SZ,870975,1,0,8.73,2000
2026-04-02 09:30:01.630,20260402,93001630,000009.SZ,872015,1,0,8.57,200
2026-04-02 09:30:01.640,20260402,93001640,000009.SZ,872703,1,0,8.77,10000
2026-04-02 09:30:01.650,20260402,93001650,000009.SZ,873744,2,0,8.96,4300
2026-04-02 09:30:01.690,20260402,93001690,000009.SZ,876308,2,0,9.6,500
2026-04-02 09:30:01.720,20260402,93001720,000009.SZ,878148,2,0,8.84,3800
2026-04-02 09:30:01.720,20260402,93001720,000009.SZ,878413,1,0,8.71,1900
2026-04-02 09:30:01.730,20260402,93001730,000009.SZ,879062,2,0,8.78,69800
2026-04-02 09:30:01.800,20260402,93001800,000009.SZ,885176,1,0,8.75,1000
2026-04-02 09:30:01.810,20260402,93001810,000009.SZ,885958,1,0,8.7,2000
2026-04-02 09:30:01.810,20260402,93001810,000009.SZ,886207,2,0,9.0,12400
2026-04-02 09:30:01.850,20260402,93001850,000009.SZ,888539,1,0,8.71,600
2026-04-02 09:30:01.860,20260402,93001860,000009.SZ,889346,2,0,8.78,500
2026-04-02 09:30:01.860,20260402,93001860,000009.SZ,889588,1,0,8.5,400
2026-04-02 09:30:01.900,20260402,93001900,000009.SZ,891530,1,0,8.77,2000
2026-04-02 09:30:01.910,20260402,93001910,000009.SZ,892065,1,0,8.75,1000
2026-04-02 09:30:01.920,20260402,93001920,000009.SZ,892658,1,0,8.75,30000
2026-04-02 09:30:01.970,20260402,93001970,000009.SZ,895208,1,0,8.48,1000
2026-04-02 09:30:01.970,20260402,93001970,000009.SZ,895625,2,0,8.87,2000
2026-04-02 09:30:02.020,20260402,93002020,000009.SZ,899605,2,0,8.77,300
2026-04-02 09:30:02.030,20260402,93002030,000009.SZ,900650,1,0,8.77,1000
2026-04-02 09:30:02.040,20260402,93002040,000009.SZ,901383,1,0,8.21,10000
2026-04-02 09:30:02.060,20260402,93002060,000009.SZ,903008,2,0,8.78,800
2026-04-02 09:30:02.140,20260402,93002140,000009.SZ,907315,2,0,9.01,30000
2026-04-02 09:30:02.140,20260402,93002140,000009.SZ,907369,1,0,8.64,200
2026-04-02 09:30:02.160,20260402,93002160,000009.SZ,908407,2,0,8.86,1500
2026-04-02 09:30:02.160,20260402,93002160,000009.SZ,908711,1,0,8.5,1000
2026-04-02 09:30:02.160,20260402,93002160,000009.SZ,908734,2,0,9.25,1000
2026-04-02 09:30:02.190,20260402,93002190,000009.SZ,910020,1,0,8.7,1000
2026-04-02 09:30:02.190,20260402,93002190,000009.SZ,910359,1,0,8.65,600
2026-04-02 09:30:02.210,20260402,93002210,000009.SZ,911573,1,0,8.51,500
2026-04-02 09:30:02.220,20260402,93002220,000009.SZ,913001,2,0,8.99,5000
2026-04-02 09:30:02.230,20260402,93002230,000009.SZ,913830,1,0,8.4,200
2026-04-02 09:30:02.240,20260402,93002240,000009.SZ,914644,2,0,8.85,1100
2026-04-02 09:30:02.250,20260402,93002250,000009.SZ,915421,1,0,8.72,12500
2026-04-02 09:30:02.290,20260402,93002290,000009.SZ,917855,2,0,9.7,800
2026-04-02 09:30:02.300,20260402,93002300,000009.SZ,918776,1,0,8.75,3000
2026-04-02 09:30:02.300,20260402,93002300,000009.SZ,918831,2,0,9.7,276100
2026-04-02 09:30:02.320,20260402,93002320,000009.SZ,920493,1,0,8.6,500
2026-04-02 09:30:02.340,20260402,93002340,000009.SZ,922164,2,0,9.0,400
2026-04-02 09:30:02.380,20260402,93002380,000009.SZ,925613,1,0,7.98,100
2026-04-02 09:30:02.390,20260402,93002390,000009.SZ,925960,1,0,8.63,1000
2026-04-02 09:30:02.420,20260402,93002420,000009.SZ,927798,1,0,8.71,2500
2026-04-02 09:30:02.430,20260402,93002430,000009.SZ,928523,2,0,8.77,600
2026-04-02 09:30:02.460,20260402,93002460,000009.SZ,930066,2,0,8.76,5400
2026-04-02 09:30:02.470,20260402,93002470,000009.SZ,930903,2,0,8.77,100
2026-04-02 09:30:02.550,20260402,93002550,000009.SZ,933827,2,0,8.82,20500
2026-04-02 09:30:02.550,20260402,93002550,000009.SZ,933970,2,0,9.7,200
2026-04-02 09:30:02.570,20260402,93002570,000009.SZ,934837,2,0,9.09,500
2026-04-02 09:30:02.580,20260402,93002580,000009.SZ,935293,2,0,9.25,500
2026-04-02 09:30:02.610,20260402,93002610,000009.SZ,936567,1,0,8.6,400
2026-04-02 09:30:02.610,20260402,93002610,000009.SZ,936619,1,0,8.51,1000
2026-04-02 09:30:02.610,20260402,93002610,000009.SZ,936837,1,0,8.6,500
2026-04-02 09:30:02.690,20260402,93002690,000009.SZ,941061,2,0,9.27,500
2026-04-02 09:30:02.690,20260402,93002690,000009.SZ,941083,2,0,8.69,30000
2026-04-02 09:30:02.720,20260402,93002720,000009.SZ,942623,2,0,8.75,2300
2026-04-02 09:30:02.730,20260402,93002730,000009.SZ,943594,1,0,8.72,3500
2026-04-02 09:30:02.740,20260402,93002740,000009.SZ,944030,2,0,8.97,1000
2026-04-02 09:30:02.830,20260402,93002830,000009.SZ,948751,1,0,8.74,1000
2026-04-02 09:30:02.880,20260402,93002880,000009.SZ,951078,2,0,8.86,4700
2026-04-02 09:30:02.880,20260402,93002880,000009.SZ,951202,2,0,9.29,3200
2026-04-02 09:30:02.900,20260402,93002900,000009.SZ,952338,1,0,8.5,1000
2026-04-02 09:30:02.950,20260402,93002950,000009.SZ,954440,2,0,8.73,300
2026-04-02 09:30:03.030,20260402,93003030,000009.SZ,957333,2,1,0.0,400
2026-04-02 09:30:03.080,20260402,93003080,000009.SZ,959511,2,0,8.77,17800
2026-04-02 09:30:03.120,20260402,93003120,000009.SZ,960970,2,0,9.66,700
2026-04-02 09:30:03.150,20260402,93003150,000009.SZ,961854,2,0,8.91,1200
2026-04-02 09:30:03.150,20260402,93003150,000009.SZ,962189,1,0,8.76,200
2026-04-02 09:30:03.150,20260402,93003150,000009.SZ,962191,1,0,8.76,200
2026-04-02 09:30:03.150,20260402,93003150,000009.SZ,962199,1,0,8.76,200
2026-04-02 09:30:03.150,20260402,93003150,000009.SZ,962214,1,0,8.76,200
2026-04-02 09:30:03.150,20260402,93003150,000009.SZ,962247,1,0,8.76,200
2026-04-02 09:30:03.150,20260402,93003150,000009.SZ,962257,1,0,8.76,300
2026-04-02 09:30:03.150,20260402,93003150,000009.SZ,962266,1,0,8.76,200
2026-04-02 09:30:03.150,20260402,93003150,000009.SZ,962270,1,0,8.76,200
2026-04-02 09:30:03.150,20260402,93003150,000009.SZ,962275,1,0,8.76,300
2026-04-02 09:30:03.150,20260402,93003150,000009.SZ,962284,1,0,8.76,200
2026-04-02 09:30:03.150,20260402,93003150,000009.SZ,962322,1,0,8.76,400
2026-04-02 09:30:03.160,20260402,93003160,000009.SZ,962476,1,0,8.76,300
2026-04-02 09:30:03.160,20260402,93003160,000009.SZ,962478,1,0,8.76,200
2026-04-02 09:30:03.160,20260402,93003160,000009.SZ,962711,1,0,8.76,500
2026-04-02 09:30:03.160,20260402,93003160,000009.SZ,962726,1,0,8.76,500
2026-04-02 09:30:03.160,20260402,93003160,000009.SZ,962777,1,0,8.76,200
2026-04-02 09:30:03.160,20260402,93003160,000009.SZ,962782,1,0,8.76,200
2026-04-02 09:30:03.170,20260402,93003170,000009.SZ,962953,2,0,9.2,300
2026-04-02 09:30:03.190,20260402,93003190,000009.SZ,964156,2,0,8.75,1800
2026-04-02 09:30:03.190,20260402,93003190,000009.SZ,964307,1,0,8.76,200
2026-04-02 09:30:03.190,20260402,93003190,000009.SZ,964308,1,0,8.76,200
2026-04-02 09:30:03.190,20260402,93003190,000009.SZ,964348,1,0,8.76,200
2026-04-02 09:30:03.190,20260402,93003190,000009.SZ,964349,1,0,8.76,600
2026-04-02 09:30:03.190,20260402,93003190,000009.SZ,964409,1,0,8.76,200
2026-04-02 09:30:03.190,20260402,93003190,000009.SZ,964462,1,0,8.76,200
2026-04-02 09:30:03.190,20260402,93003190,000009.SZ,964502,1,0,8.76,200
2026-04-02 09:30:03.200,20260402,93003200,000009.SZ,964562,2,0,8.77,100
2026-04-02 09:30:03.200,20260402,93003200,000009.SZ,964617,1,0,8.76,200
2026-04-02 09:30:03.200,20260402,93003200,000009.SZ,964656,1,0,8.76,200
2026-04-02 09:30:03.210,20260402,93003210,000009.SZ,965823,1,0,8.65,1200
2026-04-02 09:30:03.230,20260402,93003230,000009.SZ,967358,2,0,9.2,1000
2026-04-02 09:30:03.230,20260402,93003230,000009.SZ,967500,2,0,9.1,5000
2026-04-02 09:30:03.240,20260402,93003240,000009.SZ,967751,1,0,8.74,1600
2026-04-02 09:30:03.240,20260402,93003240,000009.SZ,968172,1,0,8.5,500
2026-04-02 09:30:03.260,20260402,93003260,000009.SZ,969290,2,0,9.0,1100
2026-04-02 09:30:03.280,20260402,93003280,000009.SZ,970296,2,0,8.83,200
2026-04-02 09:30:03.280,20260402,93003280,000009.SZ,970653,1,0,8.66,300
2026-04-02 09:30:03.290,20260402,93003290,000009.SZ,970849,1,0,8.1,200
2026-04-02 09:30:03.310,20260402,93003310,000009.SZ,972435,2,0,8.84,29400
2026-04-02 09:30:03.320,20260402,93003320,000009.SZ,972827,2,0,9.4,4300
2026-04-02 09:30:03.320,20260402,93003320,000009.SZ,972890,1,0,8.7,600
2026-04-02 09:30:03.320,20260402,93003320,000009.SZ,973298,2,0,9.33,300
2026-04-02 09:30:03.330,20260402,93003330,000009.SZ,973969,1,0,8.69,200
2026-04-02 09:30:03.330,20260402,93003330,000009.SZ,974042,2,0,9.2,6000
2026-04-02 09:30:03.360,20260402,93003360,000009.SZ,975753,2,0,9.7,1000
2026-04-02 09:30:03.370,20260402,93003370,000009.SZ,976702,2,0,9.7,100
2026-04-02 09:30:03.440,20260402,93003440,000009.SZ,979407,2,0,8.76,100
2026-04-02 09:30:03.460,20260402,93003460,000009.SZ,980181,2,0,8.73,300
2026-04-02 09:30:03.620,20260402,93003620,000009.SZ,989219,2,0,8.96,1000
2026-04-02 09:30:03.670,20260402,93003670,000009.SZ,991358,1,0,8.77,600
2026-04-02 09:30:03.680,20260402,93003680,000009.SZ,991875,1,0,7.94,1000
2026-04-02 09:30:03.710,20260402,93003710,000009.SZ,993150,1,0,8.73,7000
2026-04-02 09:30:03.720,20260402,93003720,000009.SZ,994602,2,0,8.94,1200
2026-04-02 09:30:03.730,20260402,93003730,000009.SZ,994927,1,0,8.77,100
2026-04-02 09:30:03.760,20260402,93003760,000009.SZ,996288,2,0,8.71,200
2026-04-02 09:30:03.910,20260402,93003910,000009.SZ,1002586,2,1,0.0,100
2026-04-02 09:30:03.980,20260402,93003980,000009.SZ,1005182,1,0,8.51,1000
2026-04-02 09:30:03.990,20260402,93003990,000009.SZ,1005777,1,0,8.72,500
2026-04-02 09:30:04.020,20260402,93004020,000009.SZ,1006615,2,0,8.8,2200
2026-04-02 09:30:04.030,20260402,93004030,000009.SZ,1007141,1,0,8.76,1000
2026-04-02 09:30:04.040,20260402,93004040,000009.SZ,1007191,2,0,8.85,1000
2026-04-02 09:30:04.040,20260402,93004040,000009.SZ,1007265,2,0,8.77,1800
2026-04-02 09:30:04.040,20260402,93004040,000009.SZ,1007270,2,0,8.77,1800
2026-04-02 09:30:04.040,20260402,93004040,000009.SZ,1007277,2,0,8.77,1800
2026-04-02 09:30:04.040,20260402,93004040,000009.SZ,1007361,2,0,8.77,1700
2026-04-02 09:30:04.040,20260402,93004040,000009.SZ,1007445,2,0,8.77,1800
2026-04-02 09:30:04.070,20260402,93004070,000009.SZ,1008265,2,0,8.77,300
2026-04-02 09:30:04.070,20260402,93004070,000009.SZ,1008274,1,0,8.72,2000
2026-04-02 09:30:04.300,20260402,93004300,000009.SZ,1019903,2,0,8.76,2900
2026-04-02 09:30:04.380,20260402,93004380,000009.SZ,1024966,2,0,8.85,2000
2026-04-02 09:30:04.420,20260402,93004420,000009.SZ,1026665,1,0,8.65,500
2026-04-02 09:30:04.490,20260402,93004490,000009.SZ,1029424,2,0,8.69,200
2026-04-02 09:30:04.490,20260402,93004490,000009.SZ,1029759,2,0,8.78,700
2026-04-02 09:30:04.550,20260402,93004550,000009.SZ,1031713,2,0,8.78,200
2026-04-02 09:30:04.680,20260402,93004680,000009.SZ,1036013,2,0,8.8,100
2026-04-02 09:30:04.750,20260402,93004750,000009.SZ,1039576,2,0,8.77,1200
2026-04-02 09:30:04.770,20260402,93004770,000009.SZ,1040241,1,0,8.75,100
2026-04-02 09:30:04.780,20260402,93004780,000009.SZ,1040609,2,0,8.75,2400
2026-04-02 09:30:04.790,20260402,93004790,000009.SZ,1040986,1,0,8.56,500
2026-04-02 09:30:04.800,20260402,93004800,000009.SZ,1041266,1,0,8.76,200
2026-04-02 09:30:04.820,20260402,93004820,000009.SZ,1042270,2,0,8.75,900
2026-04-02 09:30:04.820,20260402,93004820,000009.SZ,1042300,2,0,8.77,300
2026-04-02 09:30:04.830,20260402,93004830,000009.SZ,1042454,2,0,8.77,2000
2026-04-02 09:30:04.850,20260402,93004850,000009.SZ,1043175,2,0,8.75,600
2026-04-02 09:30:04.990,20260402,93004990,000009.SZ,1046458,2,0,8.75,200
2026-04-02 09:30:05.090,20260402,93005090,000009.SZ,1049263,1,0,8.82,1000
2026-04-02 09:30:05.110,20260402,93005110,000009.SZ,1049871,2,0,9.0,3500
2026-04-02 09:30:05.190,20260402,93005190,000009.SZ,1051849,2,0,8.74,300
2026-04-02 09:30:05.220,20260402,93005220,000009.SZ,1052591,1,0,8.77,1000
2026-04-02 09:30:05.230,20260402,93005230,000009.SZ,1053040,1,0,7.94,25200
2026-04-02 09:30:05.230,20260402,93005230,000009.SZ,1053223,1,0,8.41,1000
2026-04-02 09:30:05.270,20260402,93005270,000009.SZ,1054579,1,0,8.78,1000
2026-04-02 09:30:05.280,20260402,93005280,000009.SZ,1054982,1,0,8.7,2000
2026-04-02 09:30:05.390,20260402,93005390,000009.SZ,1058859,1,0,8.72,800
2026-04-02 09:30:05.460,20260402,93005460,000009.SZ,1060462,2,0,8.73,2000
2026-04-02 09:30:05.680,20260402,93005680,000009.SZ,1064222,2,0,8.7,200
2026-04-02 09:30:05.820,20260402,93005820,000009.SZ,1067429,1,0,8.77,100
2026-04-02 09:30:06.010,20260402,93006010,000009.SZ,1070233,2,0,8.76,100
2026-04-02 09:30:06.080,20260402,93006080,000009.SZ,1071697,1,0,8.58,100
2026-04-02 09:30:06.100,20260402,93006100,000009.SZ,1072377,2,0,9.7,55200
2026-04-02 09:30:06.160,20260402,93006160,000009.SZ,1073637,1,0,8.76,200
2026-04-02 09:30:06.160,20260402,93006160,000009.SZ,1073643,1,0,8.76,200
2026-04-02 09:30:06.160,20260402,93006160,000009.SZ,1073644,1,0,8.76,200
2026-04-02 09:30:06.160,20260402,93006160,000009.SZ,1073645,1,0,8.76,200
2026-04-02 09:30:06.160,20260402,93006160,000009.SZ,1073650,1,0,8.76,200
2026-04-02 09:30:06.160,20260402,93006160,000009.SZ,1073651,1,0,8.76,200
2026-04-02 09:30:06.160,20260402,93006160,000009.SZ,1073652,1,0,8.76,200
2026-04-02 09:30:06.160,20260402,93006160,000009.SZ,1073657,1,0,8.76,200
2026-04-02 09:30:06.160,20260402,93006160,000009.SZ,1073681,1,0,8.76,200
2026-04-02 09:30:06.160,20260402,93006160,000009.SZ,1073693,1,0,8.76,200
2026-04-02 09:30:06.160,20260402,93006160,000009.SZ,1073710,1,0,8.76,200
2026-04-02 09:30:06.160,20260402,93006160,000009.SZ,1073820,1,0,8.76,200
2026-04-02 09:30:06.160,20260402,93006160,000009.SZ,1073822,1,0,8.76,200
2026-04-02 09:30:06.180,20260402,93006180,000009.SZ,1074489,2,0,8.75,1800
2026-04-02 09:30:06.280,20260402,93006280,000009.SZ,1079700,2,0,9.7,3600
2026-04-02 09:30:06.290,20260402,93006290,000009.SZ,1079988,2,0,8.77,300
2026-04-02 09:30:06.310,20260402,93006310,000009.SZ,1081248,2,0,8.74,800
2026-04-02 09:30:06.350,20260402,93006350,000009.SZ,1082711,2,0,9.14,4000
2026-04-02 09:30:06.360,20260402,93006360,000009.SZ,1083285,1,0,8.77,700
2026-04-02 09:30:06.420,20260402,93006420,000009.SZ,1084418,2,0,8.75,2400
2026-04-02 09:30:06.510,20260402,93006510,000009.SZ,1087816,1,0,8.5,1000
2026-04-02 09:30:06.530,20260402,93006530,000009.SZ,1089307,1,0,8.76,5000
2026-04-02 09:30:06.610,20260402,93006610,000009.SZ,1093110,2,0,8.77,100
2026-04-02 09:30:06.610,20260402,93006610,000009.SZ,1093129,2,0,8.77,100
2026-04-02 09:30:06.610,20260402,93006610,000009.SZ,1093142,2,0,8.77,1000
2026-04-02 09:30:06.610,20260402,93006610,000009.SZ,1093164,2,0,8.77,800
2026-04-02 09:30:06.610,20260402,93006610,000009.SZ,1093169,2,0,8.77,700
2026-04-02 09:30:06.630,20260402,93006630,000009.SZ,1093676,2,0,8.76,6800
2026-04-02 09:30:06.670,20260402,93006670,000009.SZ,1094888,2,0,8.76,100
2026-04-02 09:30:06.670,20260402,93006670,000009.SZ,1094972,2,0,8.76,100
2026-04-02 09:30:06.680,20260402,93006680,000009.SZ,1095085,2,0,8.76,100
2026-04-02 09:30:06.740,20260402,93006740,000009.SZ,1096994,2,0,9.5,100
2026-04-02 09:30:06.830,20260402,93006830,000009.SZ,1099510,1,0,8.65,500
2026-04-02 09:30:07.240,20260402,93007240,000009.SZ,1109699,2,0,9.05,1000
2026-04-02 09:30:07.320,20260402,93007320,000009.SZ,1112412,2,0,8.75,2800
2026-04-02 09:30:07.400,20260402,93007400,000009.SZ,1115070,2,0,8.75,600
2026-04-02 09:30:07.450,20260402,93007450,000009.SZ,1116435,1,0,8.75,1000
2026-04-02 09:30:07.730,20260402,93007730,000009.SZ,1124704,1,0,8.62,10200
2026-04-02 09:30:07.810,20260402,93007810,000009.SZ,1127210,1,0,8.77,1000
2026-04-02 09:30:07.910,20260402,93007910,000009.SZ,1128994,1,0,8.75,100
2026-04-02 09:30:07.910,20260402,93007910,000009.SZ,1129068,2,0,8.74,300
2026-04-02 09:30:07.950,20260402,93007950,000009.SZ,1129723,2,0,8.77,100
2026-04-02 09:30:08.020,20260402,93008020,000009.SZ,1130999,1,0,8.75,1200
2026-04-02 09:30:08.030,20260402,93008030,000009.SZ,1131232,1,0,8.4,200
2026-04-02 09:30:08.080,20260402,93008080,000009.SZ,1132111,2,0,9.7,5000
2026-04-02 09:30:08.080,20260402,93008080,000009.SZ,1132155,1,0,8.75,100
2026-04-02 09:30:08.130,20260402,93008130,000009.SZ,1132818,2,0,8.72,900
2026-04-02 09:30:08.370,20260402,93008370,000009.SZ,1136578,2,0,8.73,300
2026-04-02 09:30:08.460,20260402,93008460,000009.SZ,1137707,2,0,8.74,1200
2026-04-02 09:30:08.500,20260402,93008500,000009.SZ,1138185,2,0,9.5,200
2026-04-02 09:30:08.510,20260402,93008510,000009.SZ,1138267,1,0,8.43,500
2026-04-02 09:30:08.790,20260402,93008790,000009.SZ,1141910,1,0,8.76,100
2026-04-02 09:30:08.820,20260402,93008820,000009.SZ,1142386,2,0,8.76,100
2026-04-02 09:30:08.840,20260402,93008840,000009.SZ,1142602,1,0,8.76,100
2026-04-02 09:30:08.950,20260402,93008950,000009.SZ,1143890,1,0,8.76,100
2026-04-02 09:30:09.030,20260402,93009030,000009.SZ,1145119,2,0,8.74,300
2026-04-02 09:30:09.080,20260402,93009080,000009.SZ,1145926,2,0,8.75,400
2026-04-02 09:30:09.150,20260402,93009150,000009.SZ,1146531,1,0,8.76,100
2026-04-02 09:30:09.180,20260402,93009180,000009.SZ,1146907,1,0,8.76,100
2026-04-02 09:30:09.200,20260402,93009200,000009.SZ,1147068,1,0,8.77,700
2026-04-02 09:30:09.210,20260402,93009210,000009.SZ,1147656,2,0,8.75,1800
2026-04-02 09:30:09.240,20260402,93009240,000009.SZ,1148473,2,0,8.75,7200
2026-04-02 09:30:09.260,20260402,93009260,000009.SZ,1149137,1,0,8.76,100
2026-04-02 09:30:09.280,20260402,93009280,000009.SZ,1149700,1,0,8.76,600
2026-04-02 09:30:09.340,20260402,93009340,000009.SZ,1151086,1,0,8.76,800
2026-04-02 09:30:09.560,20260402,93009560,000009.SZ,1157841,2,0,8.71,1200
2026-04-02 09:30:09.820,20260402,93009820,000009.SZ,1165147,2,0,8.75,100
2026-04-02 09:30:09.930,20260402,93009930,000009.SZ,1167736,1,0,8.75,300
2026-04-02 09:30:10.070,20260402,93010070,000009.SZ,1169579,2,0,9.03,3800
2026-04-02 09:30:10.120,20260402,93010120,000009.SZ,1170124,2,0,8.75,200
2026-04-02 09:30:10.120,20260402,93010120,000009.SZ,1170126,2,0,8.75,100
2026-04-02 09:30:10.130,20260402,93010130,000009.SZ,1170199,1,0,8.75,2500
2026-04-02 09:30:10.150,20260402,93010150,000009.SZ,1170412,2,0,9.7,8000
2026-04-02 09:30:10.190,20260402,93010190,000009.SZ,1170747,1,0,8.75,100
2026-04-02 09:30:10.350,20260402,93010350,000009.SZ,1176246,2,0,8.75,100
2026-04-02 09:30:10.350,20260402,93010350,000009.SZ,1176258,2,0,8.75,200
2026-04-02 09:30:10.440,20260402,93010440,000009.SZ,1177857,2,0,8.75,100
2026-04-02 09:30:10.510,20260402,93010510,000009.SZ,1179126,1,1,0.0,200
2026-04-02 09:30:10.820,20260402,93010820,000009.SZ,1186486,1,0,8.64,100
2026-04-02 09:30:10.830,20260402,93010830,000009.SZ,1186674,1,0,8.77,700
2026-04-02 09:30:10.870,20260402,93010870,000009.SZ,1187313,2,0,8.75,3800
2026-04-02 09:30:11.350,20260402,93011350,000009.SZ,1193288,2,0,8.72,300
2026-04-02 09:30:11.510,20260402,93011510,000009.SZ,1195148,2,0,8.75,2900
2026-04-02 09:30:11.640,20260402,93011640,000009.SZ,1196895,2,0,8.75,200
2026-04-02 09:30:11.870,20260402,93011870,000009.SZ,1199446,2,0,8.76,2300
2026-04-02 09:30:11.920,20260402,93011920,000009.SZ,1200312,2,0,8.76,2300
2026-04-02 09:30:11.930,20260402,93011930,000009.SZ,1200523,2,0,8.74,1200
2026-04-02 09:30:11.960,20260402,93011960,000009.SZ,1200814,2,0,9.05,1000
2026-04-02 09:30:12.090,20260402,93012090,000009.SZ,1202316,2,0,8.77,1600
2026-04-02 09:30:12.090,20260402,93012090,000009.SZ,1202329,2,0,8.77,1600
2026-04-02 09:30:12.160,20260402,93012160,000009.SZ,1203153,2,0,8.75,100
2026-04-02 09:30:12.180,20260402,93012180,000009.SZ,1203512,2,0,8.75,600
2026-04-02 09:30:12.180,20260402,93012180,000009.SZ,1203525,2,0,8.73,300
2026-04-02 09:30:12.210,20260402,93012210,000009.SZ,1204109,1,0,8.74,1100
2026-04-02 09:30:12.210,20260402,93012210,000009.SZ,1204188,1,0,8.75,100
2026-04-02 09:30:12.220,20260402,93012220,000009.SZ,1204204,2,0,8.75,1200
2026-04-02 09:30:12.240,20260402,93012240,000009.SZ,1205160,2,0,8.86,4000
2026-04-02 09:30:12.280,20260402,93012280,000009.SZ,1206205,1,0,8.74,1100
2026-04-02 09:30:12.310,20260402,93012310,000009.SZ,1207410,1,0,8.74,3000
2026-04-02 09:30:12.360,20260402,93012360,000009.SZ,1208608,2,0,8.9,2000
2026-04-02 09:30:12.920,20260402,93012920,000009.SZ,1223466,2,0,8.75,500
2026-04-02 09:30:12.940,20260402,93012940,000009.SZ,1223755,2,0,8.75,4900
2026-04-02 09:30:13.140,20260402,93013140,000009.SZ,1227121,1,0,8.73,500
2026-04-02 09:30:13.280,20260402,93013280,000009.SZ,1230443,2,0,8.74,1000
2026-04-02 09:30:13.960,20260402,93013960,000009.SZ,1245249,1,1,0.0,500
2026-04-02 09:30:14.240,20260402,93014240,000009.SZ,1248973,1,0,8.75,700
2026-04-02 09:30:14.240,20260402,93014240,000009.SZ,1248978,1,0,8.74,200
2026-04-02 09:30:14.590,20260402,93014590,000009.SZ,1254058,1,0,8.74,100
2026-04-02 09:30:14.680,20260402,93014680,000009.SZ,1255198,2,0,8.74,500
2026-04-02 09:30:14.960,20260402,93014960,000009.SZ,1258352,2,0,8.96,500
2026-04-02 09:30:15.120,20260402,93015120,000009.SZ,1260564,2,0,8.62,600
2026-04-02 09:30:15.290,20260402,93015290,000009.SZ,1264187,2,0,8.62,600
2026-04-02 09:30:15.310,20260402,93015310,000009.SZ,1264425,2,0,8.75,300
2026-04-02 09:30:15.570,20260402,93015570,000009.SZ,1271426,2,0,8.92,3900
2026-04-02 09:30:15.960,20260402,93015960,000009.SZ,1280907,1,0,8.71,1000
2026-04-02 09:30:16.260,20260402,93016260,000009.SZ,1285636,1,0,8.68,10000
2026-04-02 09:30:16.310,20260402,93016310,000009.SZ,1287347,2,0,9.1,200
2026-04-02 09:30:16.700,20260402,93016700,000009.SZ,1295554,1,0,8.75,500
2026-04-02 09:30:16.710,20260402,93016710,000009.SZ,1295630,1,0,8.75,700
2026-04-02 09:30:16.790,20260402,93016790,000009.SZ,1297808,2,0,8.71,300
2026-04-02 09:30:16.790,20260402,93016790,000009.SZ,1297838,2,0,8.71,300
2026-04-02 09:30:16.790,20260402,93016790,000009.SZ,1297922,2,0,8.74,2900
2026-04-02 09:30:16.890,20260402,93016890,000009.SZ,1299564,2,0,8.74,2900
2026-04-02 09:30:16.950,20260402,93016950,000009.SZ,1300334,1,0,8.74,1700
2026-04-02 09:30:17.340,20260402,93017340,000009.SZ,1305109,1,0,8.74,1200
2026-04-02 09:30:17.460,20260402,93017460,000009.SZ,1306763,2,0,8.72,3800
