timestamp,date,stamp,code,order_no,bs_flag,order_type,order_price,order_volume
2026-03-23 09:15:00.030,20260323,91500030,000009.SZ,755,2,0,9.31,1000
2026-03-23 09:15:00.040,20260323,91500040,000009.SZ,1543,1,0,8.55,100
2026-03-23 09:15:00.040,20260323,91500040,000009.SZ,2712,2,0,9.7,2000
2026-03-23 09:15:00.040,20260323,91500040,000009.SZ,2831,1,0,8.8,2000
2026-03-23 09:15:00.040,20260323,91500040,000009.SZ,2866,1,0,8.77,2000
2026-03-23 09:15:00.050,20260323,91500050,000009.SZ,4743,2,0,9.3,4000
2026-03-23 09:15:00.050,20260323,91500050,000009.SZ,6580,2,0,9.12,10900
2026-03-23 09:15:00.050,20260323,91500050,000009.SZ,7336,2,0,9.78,1000
2026-03-23 09:15:00.050,20260323,91500050,000009.SZ,7381,1,0,8.55,100
2026-03-23 09:15:00.050,20260323,91500050,000009.SZ,7481,1,0,8.6,100
2026-03-23 09:15:00.050,20260323,91500050,000009.SZ,7482,1,0,8.7,100
2026-03-23 09:15:00.050,20260323,91500050,000009.SZ,7934,1,0,8.82,100
2026-03-23 09:15:00.060,20260323,91500060,000009.SZ,8692,1,0,8.89,200
2026-03-23 09:15:00.060,20260323,91500060,000009.SZ,8886,2,0,9.78,100
2026-03-23 09:15:00.060,20260323,91500060,000009.SZ,8889,2,0,9.68,100
2026-03-23 09:15:00.060,20260323,91500060,000009.SZ,8895,2,0,9.59,100
2026-03-23 09:15:00.060,20260323,91500060,000009.SZ,9328,2,0,9.0,100
2026-03-23 09:15:00.060,20260323,91500060,000009.SZ,11328,2,0,9.55,3500
2026-03-23 09:15:00.070,20260323,91500070,000009.SZ,13500,1,0,8.76,600
2026-03-23 09:15:00.070,20260323,91500070,000009.SZ,13833,2,0,9.59,1000
2026-03-23 09:15:00.070,20260323,91500070,000009.SZ,13905,2,0,9.05,2400
2026-03-23 09:15:00.070,20260323,91500070,000009.SZ,14013,2,0,9.75,2000
2026-03-23 09:15:00.070,20260323,91500070,000009.SZ,14573,1,0,8.5,700
2026-03-23 09:15:00.070,20260323,91500070,000009.SZ,14746,1,0,8.52,600
2026-03-23 09:15:00.070,20260323,91500070,000009.SZ,14748,1,0,8.2,600
2026-03-23 09:15:00.070,20260323,91500070,000009.SZ,15260,2,0,9.77,4200
2026-03-23 09:15:00.070,20260323,91500070,000009.SZ,15325,2,0,9.03,1900
2026-03-23 09:15:00.070,20260323,91500070,000009.SZ,15882,2,0,8.89,600
2026-03-23 09:15:00.070,20260323,91500070,000009.SZ,16402,2,0,9.19,700
2026-03-23 09:15:00.070,20260323,91500070,000009.SZ,17863,2,0,9.75,1900
2026-03-23 09:15:00.080,20260323,91500080,000009.SZ,18200,2,0,9.5,31000
2026-03-23 09:15:00.080,20260323,91500080,000009.SZ,18425,2,0,9.27,2000
2026-03-23 09:15:00.080,20260323,91500080,000009.SZ,18854,1,0,8.9,300
2026-03-23 09:15:00.080,20260323,91500080,000009.SZ,19006,2,0,9.78,200
2026-03-23 09:15:00.080,20260323,91500080,000009.SZ,19704,2,0,9.78,500
2026-03-23 09:15:00.080,20260323,91500080,000009.SZ,19888,2,0,9.78,5000
2026-03-23 09:15:00.080,20260323,91500080,000009.SZ,20580,2,0,9.33,2000
2026-03-23 09:15:00.080,20260323,91500080,000009.SZ,20738,2,0,9.78,5000
2026-03-23 09:15:00.080,20260323,91500080,000009.SZ,20922,1,0,8.6,200
2026-03-23 09:15:00.090,20260323,91500090,000009.SZ,22878,1,0,8.0,4000
2026-03-23 09:15:00.090,20260323,91500090,000009.SZ,23299,1,0,8.18,300
2026-03-23 09:15:00.090,20260323,91500090,000009.SZ,23624,2,0,9.67,1000
2026-03-23 09:15:00.090,20260323,91500090,000009.SZ,23749,2,0,9.78,7000
2026-03-23 09:15:00.090,20260323,91500090,000009.SZ,23960,2,0,9.5,500
2026-03-23 09:15:00.090,20260323,91500090,000009.SZ,23978,2,0,9.19,1000
2026-03-23 09:15:00.090,20260323,91500090,000009.SZ,23979,2,0,9.39,1500
2026-03-23 09:15:00.090,20260323,91500090,000009.SZ,23983,2,0,9.19,1500
2026-03-23 09:15:00.090,20260323,91500090,000009.SZ,23984,2,0,9.39,1500
2026-03-23 09:15:00.090,20260323,91500090,000009.SZ,24102,2,0,9.12,400
2026-03-23 09:15:00.090,20260323,91500090,000009.SZ,24447,1,0,8.67,500
2026-03-23 09:15:00.090,20260323,91500090,000009.SZ,24556,1,0,8.03,200
2026-03-23 09:15:00.090,20260323,91500090,000009.SZ,24742,2,0,9.33,2200
2026-03-23 09:15:00.090,20260323,91500090,000009.SZ,24743,2,0,9.22,2200
2026-03-23 09:15:00.090,20260323,91500090,000009.SZ,25266,2,0,9.22,1000
2026-03-23 09:15:00.100,20260323,91500100,000009.SZ,25630,1,0,8.3,100
2026-03-23 09:15:00.100,20260323,91500100,000009.SZ,27007,1,0,8.3,500
2026-03-23 09:15:00.100,20260323,91500100,000009.SZ,27240,2,0,9.77,13000
2026-03-23 09:15:00.100,20260323,91500100,000009.SZ,28494,1,0,8.4,2000
2026-03-23 09:15:00.100,20260323,91500100,000009.SZ,28535,2,0,9.59,33100
2026-03-23 09:15:00.100,20260323,91500100,000009.SZ,28635,2,0,8.89,1000
2026-03-23 09:15:00.110,20260323,91500110,000009.SZ,30415,1,0,8.9,200
2026-03-23 09:15:00.110,20260323,91500110,000009.SZ,30417,1,0,8.9,12700
2026-03-23 09:15:00.110,20260323,91500110,000009.SZ,32300,1,0,8.7,100
2026-03-23 09:15:00.110,20260323,91500110,000009.SZ,32432,2,0,9.01,1200
2026-03-23 09:15:00.110,20260323,91500110,000009.SZ,32989,1,0,8.89,8000
2026-03-23 09:15:00.110,20260323,91500110,000009.SZ,32990,1,0,8.8,8900
2026-03-23 09:15:00.110,20260323,91500110,000009.SZ,32991,1,0,8.89,6000
2026-03-23 09:15:00.110,20260323,91500110,000009.SZ,32992,1,0,8.8,6000
2026-03-23 09:15:00.110,20260323,91500110,000009.SZ,32993,1,0,8.89,6000
2026-03-23 09:15:00.110,20260323,91500110,000009.SZ,33054,1,0,8.8,6000
2026-03-23 09:15:00.110,20260323,91500110,000009.SZ,33060,1,0,8.8,10000
2026-03-23 09:15:00.110,20260323,91500110,000009.SZ,33064,1,0,8.8,10000
2026-03-23 09:15:00.110,20260323,91500110,000009.SZ,33076,2,0,9.78,10000
2026-03-23 09:15:00.110,20260323,91500110,000009.SZ,33077,2,0,9.78,20000
2026-03-23 09:15:00.110,20260323,91500110,000009.SZ,33078,2,0,9.78,20000
2026-03-23 09:15:00.110,20260323,91500110,000009.SZ,33079,2,0,9.78,10000
2026-03-23 09:15:00.110,20260323,91500110,000009.SZ,33081,2,0,9.69,10000
2026-03-23 09:15:00.110,20260323,91500110,000009.SZ,33082,2,0,9.69,10000
2026-03-23 09:15:00.110,20260323,91500110,000009.SZ,33083,2,0,9.78,6000
2026-03-23 09:15:00.110,20260323,91500110,000009.SZ,33084,2,0,9.69,10000
2026-03-23 09:15:00.110,20260323,91500110,000009.SZ,33085,2,0,9.69,20000
2026-03-23 09:15:00.110,20260323,91500110,000009.SZ,33086,2,0,9.69,20000
2026-03-23 09:15:00.110,20260323,91500110,000009.SZ,33247,1,0,8.81,2000
2026-03-23 09:15:00.110,20260323,91500110,000009.SZ,33248,1,0,8.63,2000
2026-03-23 09:15:00.120,20260323,91500120,000009.SZ,33945,2,0,9.48,600
2026-03-23 09:15:00.120,20260323,91500120,000009.SZ,34616,2,0,9.78,100
2026-03-23 09:15:00.120,20260323,91500120,000009.SZ,36034,1,0,8.08,200
2026-03-23 09:15:00.120,20260323,91500120,000009.SZ,36241,1,0,8.5,500
2026-03-23 09:15:00.120,20260323,91500120,000009.SZ,36251,2,0,9.14,500
2026-03-23 09:15:00.120,20260323,91500120,000009.SZ,36805,2,0,8.89,200
2026-03-23 09:15:00.130,20260323,91500130,000009.SZ,38159,2,0,9.78,500
2026-03-23 09:15:00.130,20260323,91500130,000009.SZ,38340,2,0,9.78,500
2026-03-23 09:15:00.130,20260323,91500130,000009.SZ,38774,1,0,8.0,2000
2026-03-23 09:15:00.130,20260323,91500130,000009.SZ,38801,2,0,9.69,30000
2026-03-23 09:15:00.130,20260323,91500130,000009.SZ,38805,2,0,9.78,30000
2026-03-23 09:15:00.130,20260323,91500130,000009.SZ,38806,2,0,9.59,20000
2026-03-23 09:15:00.130,20260323,91500130,000009.SZ,38807,1,0,8.8,10000
2026-03-23 09:15:00.130,20260323,91500130,000009.SZ,38915,2,0,9.59,1200
2026-03-23 09:15:00.130,20260323,91500130,000009.SZ,39433,2,0,8.98,400
2026-03-23 09:15:00.130,20260323,91500130,000009.SZ,40279,2,0,9.5,300
2026-03-23 09:15:00.130,20260323,91500130,000009.SZ,40371,2,0,9.06,5200
2026-03-23 09:15:00.130,20260323,91500130,000009.SZ,41187,2,0,9.01,1200
2026-03-23 09:15:00.130,20260323,91500130,000009.SZ,41591,2,0,9.78,500
2026-03-23 09:15:00.140,20260323,91500140,000009.SZ,42249,2,0,9.05,500
2026-03-23 09:15:00.140,20260323,91500140,000009.SZ,42250,2,0,9.15,1000
2026-03-23 09:15:00.140,20260323,91500140,000009.SZ,43544,1,0,8.02,3000
2026-03-23 09:15:00.140,20260323,91500140,000009.SZ,43717,2,0,9.07,200
2026-03-23 09:15:00.140,20260323,91500140,000009.SZ,43718,2,0,9.25,200
2026-03-23 09:15:00.140,20260323,91500140,000009.SZ,43719,2,0,9.43,200
2026-03-23 09:15:00.140,20260323,91500140,000009.SZ,43720,2,0,9.61,200
2026-03-23 09:15:00.140,20260323,91500140,000009.SZ,43721,2,0,9.78,200
2026-03-23 09:15:00.140,20260323,91500140,000009.SZ,43764,2,0,9.34,100
2026-03-23 09:15:00.140,20260323,91500140,000009.SZ,43780,2,0,9.5,100
2026-03-23 09:15:00.140,20260323,91500140,000009.SZ,43782,2,0,9.6,100
2026-03-23 09:15:00.140,20260323,91500140,000009.SZ,43783,1,0,8.77,100
2026-03-23 09:15:00.140,20260323,91500140,000009.SZ,44778,1,0,8.91,300
2026-03-23 09:15:00.140,20260323,91500140,000009.SZ,44846,2,0,9.2,5000
2026-03-23 09:15:00.150,20260323,91500150,000009.SZ,45786,2,0,9.78,2100
2026-03-23 09:15:00.150,20260323,91500150,000009.SZ,45999,2,0,9.76,600
2026-03-23 09:15:00.150,20260323,91500150,000009.SZ,46544,2,0,9.78,100
2026-03-23 09:15:00.150,20260323,91500150,000009.SZ,46836,1,0,8.68,200
2026-03-23 09:15:00.150,20260323,91500150,000009.SZ,46837,1,0,8.52,400
2026-03-23 09:15:00.150,20260323,91500150,000009.SZ,46915,2,0,9.6,200
2026-03-23 09:15:00.150,20260323,91500150,000009.SZ,46917,2,0,9.66,600
2026-03-23 09:15:00.150,20260323,91500150,000009.SZ,47120,1,0,8.74,4000
2026-03-23 09:15:00.150,20260323,91500150,000009.SZ,47144,2,0,9.78,8000
2026-03-23 09:15:00.150,20260323,91500150,000009.SZ,47145,2,0,9.3,1500
2026-03-23 09:15:00.150,20260323,91500150,000009.SZ,47150,1,0,8.71,6000
2026-03-23 09:15:00.150,20260323,91500150,000009.SZ,47368,1,0,8.8,5300
2026-03-23 09:15:00.150,20260323,91500150,000009.SZ,48053,1,0,8.8,2000
2026-03-23 09:15:00.150,20260323,91500150,000009.SZ,48054,2,0,9.59,1000
2026-03-23 09:15:00.150,20260323,91500150,000009.SZ,48055,2,0,9.49,1000
2026-03-23 09:15:00.150,20260323,91500150,000009.SZ,48056,2,0,9.69,1000
2026-03-23 09:15:00.150,20260323,91500150,000009.SZ,48254,2,0,9.25,300
2026-03-23 09:15:00.150,20260323,91500150,000009.SZ,48255,2,0,9.75,300
2026-03-23 09:15:00.150,20260323,91500150,000009.SZ,48447,1,0,8.69,1200
2026-03-23 09:15:00.160,20260323,91500160,000009.SZ,49066,2,0,9.16,500
2026-03-23 09:15:00.160,20260323,91500160,000009.SZ,49067,2,0,9.39,500
2026-03-23 09:15:00.160,20260323,91500160,000009.SZ,49790,2,0,9.78,500
2026-03-23 09:15:00.160,20260323,91500160,000009.SZ,50287,1,0,8.76,600
2026-03-23 09:15:00.160,20260323,91500160,000009.SZ,50486,2,0,9.32,700
2026-03-23 09:15:00.160,20260323,91500160,000009.SZ,50503,2,0,9.09,1500
2026-03-23 09:15:00.160,20260323,91500160,000009.SZ,51607,1,0,8.52,600
2026-03-23 09:15:00.160,20260323,91500160,000009.SZ,51608,1,0,8.2,700
2026-03-23 09:15:00.170,20260323,91500170,000009.SZ,52311,2,0,9.55,600
2026-03-23 09:15:00.170,20260323,91500170,000009.SZ,53437,1,0,8.8,600
2026-03-23 09:15:00.170,20260323,91500170,000009.SZ,53455,2,0,9.31,500
2026-03-23 09:15:00.170,20260323,91500170,000009.SZ,53518,1,0,8.0,500
2026-03-23 09:15:00.170,20260323,91500170,000009.SZ,53637,2,0,9.77,100
2026-03-23 09:15:00.170,20260323,91500170,000009.SZ,53638,2,0,9.6,100
2026-03-23 09:15:00.170,20260323,91500170,000009.SZ,54291,2,0,9.2,6000
2026-03-23 09:15:00.170,20260323,91500170,000009.SZ,54620,2,0,9.7,7000
2026-03-23 09:15:00.170,20260323,91500170,000009.SZ,54861,1,0,8.1,100
2026-03-23 09:15:00.180,20260323,91500180,000009.SZ,57914,2,0,9.75,600
2026-03-23 09:15:00.180,20260323,91500180,000009.SZ,57994,1,0,8.08,300
2026-03-23 09:15:00.190,20260323,91500190,000009.SZ,58816,2,0,9.38,300
2026-03-23 09:15:00.190,20260323,91500190,000009.SZ,58972,1,0,8.66,1700
2026-03-23 09:15:00.190,20260323,91500190,000009.SZ,59026,2,0,9.5,100
2026-03-23 09:15:00.190,20260323,91500190,000009.SZ,59107,2,0,9.63,400
2026-03-23 09:15:00.190,20260323,91500190,000009.SZ,59580,1,0,8.55,200
2026-03-23 09:15:00.190,20260323,91500190,000009.SZ,59805,2,0,9.78,400
2026-03-23 09:15:00.190,20260323,91500190,000009.SZ,60536,2,0,9.69,300
2026-03-23 09:15:00.190,20260323,91500190,000009.SZ,60595,1,0,8.81,700
2026-03-23 09:15:00.190,20260323,91500190,000009.SZ,60993,2,0,9.55,400
2026-03-23 09:15:00.190,20260323,91500190,000009.SZ,61071,2,0,9.75,600
2026-03-23 09:15:00.190,20260323,91500190,000009.SZ,61121,2,0,9.5,2500
2026-03-23 09:15:00.200,20260323,91500200,000009.SZ,61778,2,0,9.4,500
2026-03-23 09:15:00.200,20260323,91500200,000009.SZ,61974,1,0,8.81,100
2026-03-23 09:15:00.200,20260323,91500200,000009.SZ,62155,1,0,8.8,2000
2026-03-23 09:15:00.200,20260323,91500200,000009.SZ,62317,2,0,8.89,1500
2026-03-23 09:15:00.210,20260323,91500210,000009.SZ,65161,2,0,9.12,1000
2026-03-23 09:15:00.210,20260323,91500210,000009.SZ,65236,2,0,9.21,600
2026-03-23 09:15:00.210,20260323,91500210,000009.SZ,66186,2,0,9.15,38600
2026-03-23 09:15:00.210,20260323,91500210,000009.SZ,66188,2,0,9.25,38600
2026-03-23 09:15:00.220,20260323,91500220,000009.SZ,66336,2,0,9.77,1000
2026-03-23 09:15:00.220,20260323,91500220,000009.SZ,67056,1,0,8.6,1000
2026-03-23 09:15:00.220,20260323,91500220,000009.SZ,68100,1,0,8.0,400
2026-03-23 09:15:00.220,20260323,91500220,000009.SZ,68374,1,0,8.15,800
2026-03-23 09:15:00.230,20260323,91500230,000009.SZ,68423,2,0,9.12,400
2026-03-23 09:15:00.230,20260323,91500230,000009.SZ,68855,2,0,9.25,1000
2026-03-23 09:15:00.230,20260323,91500230,000009.SZ,69001,2,0,9.08,6400
2026-03-23 09:15:00.230,20260323,91500230,000009.SZ,70504,2,0,9.62,500
2026-03-23 09:15:00.240,20260323,91500240,000009.SZ,70961,2,0,9.75,1500
2026-03-23 09:15:00.240,20260323,91500240,000009.SZ,71003,1,0,8.5,1800
2026-03-23 09:15:00.250,20260323,91500250,000009.SZ,72841,2,0,9.59,100
2026-03-23 09:15:00.260,20260323,91500260,000009.SZ,74685,2,0,9.18,1000
2026-03-23 09:15:00.260,20260323,91500260,000009.SZ,74686,2,0,9.29,1000
2026-03-23 09:15:00.260,20260323,91500260,000009.SZ,74872,2,0,9.15,1000
2026-03-23 09:15:00.260,20260323,91500260,000009.SZ,75445,2,0,9.27,7400
2026-03-23 09:15:00.270,20260323,91500270,000009.SZ,76976,1,0,8.76,600
2026-03-23 09:15:00.270,20260323,91500270,000009.SZ,76977,1,0,8.4,600
2026-03-23 09:15:00.270,20260323,91500270,000009.SZ,77170,2,0,9.1,100
2026-03-23 09:15:00.280,20260323,91500280,000009.SZ,77712,2,0,9.14,600
2026-03-23 09:15:00.280,20260323,91500280,000009.SZ,78331,1,0,8.6,1000
2026-03-23 09:15:00.280,20260323,91500280,000009.SZ,78378,2,0,9.2,26700
2026-03-23 09:15:00.290,20260323,91500290,000009.SZ,79324,2,0,9.7,100
2026-03-23 09:15:00.300,20260323,91500300,000009.SZ,80140,2,0,9.1,3000
2026-03-23 09:15:00.300,20260323,91500300,000009.SZ,81306,1,0,8.71,500
2026-03-23 09:15:00.300,20260323,91500300,000009.SZ,81371,1,0,8.95,2000
2026-03-23 09:15:00.310,20260323,91500310,000009.SZ,81497,1,0,8.76,600
2026-03-23 09:15:00.310,20260323,91500310,000009.SZ,81498,1,0,8.52,600
2026-03-23 09:15:00.310,20260323,91500310,000009.SZ,81500,1,0,8.2,700
2026-03-23 09:15:00.310,20260323,91500310,000009.SZ,82142,1,0,8.9,200
2026-03-23 09:15:00.310,20260323,91500310,000009.SZ,82312,2,0,9.25,1000
2026-03-23 09:15:00.320,20260323,91500320,000009.SZ,82659,1,0,8.8,300
2026-03-23 09:15:00.320,20260323,91500320,000009.SZ,83028,1,0,8.79,1000
2026-03-23 09:15:00.320,20260323,91500320,000009.SZ,83029,2,0,9.55,4000
2026-03-23 09:15:00.320,20260323,91500320,000009.SZ,83713,2,0,9.14,1200
2026-03-23 09:15:00.330,20260323,91500330,000009.SZ,84616,2,0,9.78,5000
2026-03-23 09:15:00.330,20260323,91500330,000009.SZ,84617,1,0,8.86,800
2026-03-23 09:15:00.340,20260323,91500340,000009.SZ,87251,2,0,8.91,1600
2026-03-23 09:15:00.350,20260323,91500350,000009.SZ,87538,2,0,9.49,500
2026-03-23 09:15:00.350,20260323,91500350,000009.SZ,88071,1,0,8.83,1000
2026-03-23 09:15:00.350,20260323,91500350,000009.SZ,88200,1,0,8.76,600
2026-03-23 09:15:00.350,20260323,91500350,000009.SZ,88201,1,0,8.52,600
2026-03-23 09:15:00.360,20260323,91500360,000009.SZ,88926,1,0,8.9,1100
2026-03-23 09:15:00.360,20260323,91500360,000009.SZ,88927,2,0,9.2,900
2026-03-23 09:15:00.370,20260323,91500370,000009.SZ,89757,1,0,8.6,600
2026-03-23 09:15:00.370,20260323,91500370,000009.SZ,90155,2,0,8.89,200
2026-03-23 09:15:00.370,20260323,91500370,000009.SZ,90175,1,0,8.76,600
2026-03-23 09:15:00.370,20260323,91500370,000009.SZ,90176,1,0,8.52,600
2026-03-23 09:15:00.370,20260323,91500370,000009.SZ,90177,1,0,8.2,600
2026-03-23 09:15:00.370,20260323,91500370,000009.SZ,90191,1,0,8.8,200
2026-03-23 09:15:00.380,20260323,91500380,000009.SZ,91013,2,0,9.78,2000
2026-03-23 09:15:00.380,20260323,91500380,000009.SZ,91690,2,0,9.29,1900
2026-03-23 09:15:00.390,20260323,91500390,000009.SZ,92135,1,0,8.6,600
2026-03-23 09:15:00.400,20260323,91500400,000009.SZ,93249,1,0,8.83,100
2026-03-23 09:15:00.420,20260323,91500420,000009.SZ,94922,2,0,9.68,1700
2026-03-23 09:15:00.420,20260323,91500420,000009.SZ,95727,2,0,9.66,1500
2026-03-23 09:15:00.430,20260323,91500430,000009.SZ,95776,1,0,8.5,400
2026-03-23 09:15:00.430,20260323,91500430,000009.SZ,96240,2,0,9.77,600
2026-03-23 09:15:00.430,20260323,91500430,000009.SZ,96350,2,0,9.45,100
2026-03-23 09:15:00.440,20260323,91500440,000009.SZ,97563,2,0,9.08,800
2026-03-23 09:15:00.440,20260323,91500440,000009.SZ,97819,2,0,9.13,40000
2026-03-23 09:15:00.450,20260323,91500450,000009.SZ,98224,2,0,9.2,1100
2026-03-23 09:15:00.450,20260323,91500450,000009.SZ,98468,1,0,8.71,1000
2026-03-23 09:15:00.460,20260323,91500460,000009.SZ,98885,1,0,8.71,4300
2026-03-23 09:15:00.460,20260323,91500460,000009.SZ,98911,2,0,9.6,200
2026-03-23 09:15:00.460,20260323,91500460,000009.SZ,99718,2,0,8.33,3200
2026-03-23 09:15:00.460,20260323,91500460,000009.SZ,99720,2,0,8.28,700
2026-03-23 09:15:00.470,20260323,91500470,000009.SZ,100188,1,0,8.0,100
2026-03-23 09:15:00.480,20260323,91500480,000009.SZ,101035,2,0,8.5,4000
2026-03-23 09:15:00.480,20260323,91500480,000009.SZ,101578,2,0,9.78,1000
2026-03-23 09:15:00.480,20260323,91500480,000009.SZ,101580,2,0,9.3,500
2026-03-23 09:15:00.500,20260323,91500500,000009.SZ,102547,2,0,9.69,400
2026-03-23 09:15:00.500,20260323,91500500,000009.SZ,102757,1,0,8.68,200
2026-03-23 09:15:00.500,20260323,91500500,000009.SZ,103040,1,0,8.77,2000
2026-03-23 09:15:00.500,20260323,91500500,000009.SZ,103125,2,0,9.75,300
2026-03-23 09:15:00.500,20260323,91500500,000009.SZ,103231,2,0,9.39,1000
2026-03-23 09:15:00.500,20260323,91500500,000009.SZ,103232,2,0,9.69,1000
2026-03-23 09:15:00.500,20260323,91500500,000009.SZ,103233,2,0,9.78,1000
2026-03-23 09:15:00.500,20260323,91500500,000009.SZ,103375,2,0,9.6,1100
2026-03-23 09:15:00.510,20260323,91500510,000009.SZ,103669,2,0,9.75,2600
2026-03-23 09:15:00.510,20260323,91500510,000009.SZ,104173,2,0,9.15,2600
2026-03-23 09:15:00.510,20260323,91500510,000009.SZ,104508,2,0,9.76,600
2026-03-23 09:15:00.530,20260323,91500530,000009.SZ,106466,2,0,9.15,2300
2026-03-23 09:15:00.540,20260323,91500540,000009.SZ,106772,2,0,9.18,1000
2026-03-23 09:15:00.540,20260323,91500540,000009.SZ,106796,2,0,9.28,1000
2026-03-23 09:15:00.540,20260323,91500540,000009.SZ,106797,2,0,9.38,2000
2026-03-23 09:15:00.540,20260323,91500540,000009.SZ,106798,2,0,9.53,5000
2026-03-23 09:15:00.540,20260323,91500540,000009.SZ,106944,1,0,8.69,1000
2026-03-23 09:15:00.540,20260323,91500540,000009.SZ,107538,1,0,8.9,100
2026-03-23 09:15:00.540,20260323,91500540,000009.SZ,107578,2,0,9.75,1000
2026-03-23 09:15:00.550,20260323,91500550,000009.SZ,107807,2,0,9.1,1200
2026-03-23 09:15:00.550,20260323,91500550,000009.SZ,107808,2,0,9.12,1200
2026-03-23 09:15:00.550,20260323,91500550,000009.SZ,107809,2,0,9.75,1100
2026-03-23 09:15:00.550,20260323,91500550,000009.SZ,107810,2,0,9.5,1100
2026-03-23 09:15:00.550,20260323,91500550,000009.SZ,107811,2,0,9.55,1100
2026-03-23 09:15:00.550,20260323,91500550,000009.SZ,107812,2,0,9.6,1200
2026-03-23 09:15:00.550,20260323,91500550,000009.SZ,107813,2,0,9.65,1200
2026-03-23 09:15:00.550,20260323,91500550,000009.SZ,107814,2,0,9.7,1200
2026-03-23 09:15:00.550,20260323,91500550,000009.SZ,107815,2,0,9.77,1200
2026-03-23 09:15:00.550,20260323,91500550,000009.SZ,107816,2,0,9.78,1200
2026-03-23 09:15:00.550,20260323,91500550,000009.SZ,108189,1,0,8.69,1200
2026-03-23 09:15:00.550,20260323,91500550,000009.SZ,108204,2,0,9.27,1300
2026-03-23 09:15:00.550,20260323,91500550,000009.SZ,108219,2,0,9.2,1000
2026-03-23 09:15:00.570,20260323,91500570,000009.SZ,109810,2,0,9.63,3300
2026-03-23 09:15:00.570,20260323,91500570,000009.SZ,110270,2,0,9.67,4000
2026-03-23 09:15:00.580,20260323,91500580,000009.SZ,111397,2,0,9.28,80000
2026-03-23 09:15:00.580,20260323,91500580,000009.SZ,111399,2,0,9.46,100000
2026-03-23 09:15:00.580,20260323,91500580,000009.SZ,111634,2,0,9.78,1700
2026-03-23 09:15:00.590,20260323,91500590,000009.SZ,112167,2,0,9.78,200
2026-03-23 09:15:00.590,20260323,91500590,000009.SZ,112168,2,0,9.55,300
2026-03-23 09:15:00.590,20260323,91500590,000009.SZ,112169,2,0,9.44,300
2026-03-23 09:15:00.590,20260323,91500590,000009.SZ,112170,2,0,9.33,300
2026-03-23 09:15:00.590,20260323,91500590,000009.SZ,113132,2,0,9.6,1100
2026-03-23 09:15:00.600,20260323,91500600,000009.SZ,113957,1,0,8.0,5000
2026-03-23 09:15:00.610,20260323,91500610,000009.SZ,115855,2,0,9.36,3000
2026-03-23 09:15:00.610,20260323,91500610,000009.SZ,116295,2,0,9.58,3500
2026-03-23 09:15:00.620,20260323,91500620,000009.SZ,116871,2,0,9.77,1900
2026-03-23 09:15:00.620,20260323,91500620,000009.SZ,117081,2,0,9.78,200
2026-03-23 09:15:00.620,20260323,91500620,000009.SZ,117640,2,0,9.55,100
2026-03-23 09:15:00.630,20260323,91500630,000009.SZ,118183,1,0,8.6,200
2026-03-23 09:15:00.630,20260323,91500630,000009.SZ,119213,1,0,8.65,12700
2026-03-23 09:15:00.650,20260323,91500650,000009.SZ,120333,1,0,8.6,100
2026-03-23 09:15:00.650,20260323,91500650,000009.SZ,120603,2,0,9.22,11100
2026-03-23 09:15:00.650,20260323,91500650,000009.SZ,120677,2,0,9.6,300
2026-03-23 09:15:00.650,20260323,91500650,000009.SZ,120747,2,0,9.77,300
2026-03-23 09:15:00.670,20260323,91500670,000009.SZ,122220,2,0,8.89,300
2026-03-23 09:15:00.670,20260323,91500670,000009.SZ,122513,2,0,9.5,1000
2026-03-23 09:15:00.670,20260323,91500670,000009.SZ,122751,2,0,8.8,1500
2026-03-23 09:15:00.670,20260323,91500670,000009.SZ,122761,2,0,9.73,400
2026-03-23 09:15:00.680,20260323,91500680,000009.SZ,123222,2,0,9.6,2100
2026-03-23 09:15:00.690,20260323,91500690,000009.SZ,124491,2,0,9.77,4000
2026-03-23 09:15:00.700,20260323,91500700,000009.SZ,125303,2,0,9.05,1000
2026-03-23 09:15:00.700,20260323,91500700,000009.SZ,125530,1,0,8.81,200
2026-03-23 09:15:00.710,20260323,91500710,000009.SZ,125660,2,0,9.58,4000
2026-03-23 09:15:00.730,20260323,91500730,000009.SZ,126845,2,0,9.1,4000
2026-03-23 09:15:00.740,20260323,91500740,000009.SZ,128072,1,0,8.1,200
2026-03-23 09:15:00.760,20260323,91500760,000009.SZ,129284,2,0,9.78,800
2026-03-23 09:15:00.760,20260323,91500760,000009.SZ,129404,1,0,8.8,700
2026-03-23 09:15:00.770,20260323,91500770,000009.SZ,130145,2,0,9.5,200
2026-03-23 09:15:00.780,20260323,91500780,000009.SZ,130674,2,0,9.36,3500
2026-03-23 09:15:00.780,20260323,91500780,000009.SZ,130690,2,0,9.63,1500
2026-03-23 09:15:00.800,20260323,91500800,000009.SZ,131720,2,0,8.86,2000
2026-03-23 09:15:00.800,20260323,91500800,000009.SZ,132125,2,0,9.7,100
2026-03-23 09:15:00.830,20260323,91500830,000009.SZ,133297,2,0,9.16,2300
2026-03-23 09:15:00.830,20260323,91500830,000009.SZ,133319,2,0,9.25,2000
2026-03-23 09:15:00.850,20260323,91500850,000009.SZ,134334,2,0,9.16,300
2026-03-23 09:15:00.860,20260323,91500860,000009.SZ,134837,1,0,8.08,2000
2026-03-23 09:15:00.860,20260323,91500860,000009.SZ,135084,1,0,8.3,200
2026-03-23 09:15:00.870,20260323,91500870,000009.SZ,135503,2,0,9.08,5000
2026-03-23 09:15:00.870,20260323,91500870,000009.SZ,135505,2,0,9.18,5000
2026-03-23 09:15:00.870,20260323,91500870,000009.SZ,135509,2,0,9.28,5000
2026-03-23 09:15:00.870,20260323,91500870,000009.SZ,135510,2,0,9.38,5000
2026-03-23 09:15:00.870,20260323,91500870,000009.SZ,135511,2,0,9.48,5000
2026-03-23 09:15:00.870,20260323,91500870,000009.SZ,135514,2,0,9.58,10000
2026-03-23 09:15:00.870,20260323,91500870,000009.SZ,135515,2,0,9.78,10000
2026-03-23 09:15:00.870,20260323,91500870,000009.SZ,135520,2,0,9.68,10000
2026-03-23 09:15:00.890,20260323,91500890,000009.SZ,136542,2,0,8.8,3000
2026-03-23 09:15:00.910,20260323,91500910,000009.SZ,137719,2,0,9.22,1000
2026-03-23 09:15:00.910,20260323,91500910,000009.SZ,137720,2,0,9.28,1000
2026-03-23 09:15:00.910,20260323,91500910,000009.SZ,137957,1,0,8.89,300
2026-03-23 09:15:00.910,20260323,91500910,000009.SZ,138378,1,0,8.5,500
2026-03-23 09:15:00.920,20260323,91500920,000009.SZ,138548,1,0,8.76,600
2026-03-23 09:15:00.920,20260323,91500920,000009.SZ,138549,1,0,8.25,600
2026-03-23 09:15:00.920,20260323,91500920,000009.SZ,138960,1,0,8.6,2000
2026-03-23 09:15:00.920,20260323,91500920,000009.SZ,139049,2,0,9.27,3000
2026-03-23 09:15:00.920,20260323,91500920,000009.SZ,139086,2,0,9.1,20000
2026-03-23 09:15:00.920,20260323,91500920,000009.SZ,139088,2,0,9.2,10000
2026-03-23 09:15:00.920,20260323,91500920,000009.SZ,139095,2,0,9.15,16000
2026-03-23 09:15:00.930,20260323,91500930,000009.SZ,139214,2,0,9.04,7300
2026-03-23 09:15:00.940,20260323,91500940,000009.SZ,139811,1,0,8.41,500
2026-03-23 09:15:00.940,20260323,91500940,000009.SZ,139873,1,0,8.82,1000
2026-03-23 09:15:00.970,20260323,91500970,000009.SZ,141784,1,0,8.16,200
2026-03-23 09:15:00.990,20260323,91500990,000009.SZ,143160,1,0,8.05,1000
2026-03-23 09:15:00.990,20260323,91500990,000009.SZ,143165,2,0,9.77,1500
2026-03-23 09:15:01.010,20260323,91501010,000009.SZ,143716,1,0,8.4,500
2026-03-23 09:15:01.020,20260323,91501020,000009.SZ,144330,2,0,9.61,700
2026-03-23 09:15:01.020,20260323,91501020,000009.SZ,144543,2,0,9.58,100
2026-03-23 09:15:01.020,20260323,91501020,000009.SZ,144544,2,0,9.76,100
2026-03-23 09:15:01.050,20260323,91501050,000009.SZ,145559,2,0,9.2,2000
2026-03-23 09:15:01.060,20260323,91501060,000009.SZ,146413,2,0,9.7,6400
2026-03-23 09:15:01.080,20260323,91501080,000009.SZ,147125,1,0,8.7,500
2026-03-23 09:15:01.080,20260323,91501080,000009.SZ,147128,1,0,8.7,500
2026-03-23 09:15:01.090,20260323,91501090,000009.SZ,147465,1,0,8.7,400
2026-03-23 09:15:01.090,20260323,91501090,000009.SZ,147706,2,0,9.5,1600
2026-03-23 09:15:01.100,20260323,91501100,000009.SZ,147919,2,0,9.12,200
2026-03-23 09:15:01.100,20260323,91501100,000009.SZ,148213,1,0,8.06,400
2026-03-23 09:15:01.110,20260323,91501110,000009.SZ,148674,2,0,9.78,500
2026-03-23 09:15:01.120,20260323,91501120,000009.SZ,149218,2,0,9.78,200
2026-03-23 09:15:01.130,20260323,91501130,000009.SZ,149483,2,0,9.11,300
2026-03-23 09:15:01.160,20260323,91501160,000009.SZ,151046,2,0,9.77,200
2026-03-23 09:15:01.160,20260323,91501160,000009.SZ,151047,2,0,9.55,200
2026-03-23 09:15:01.160,20260323,91501160,000009.SZ,151056,2,0,9.71,100
2026-03-23 09:15:01.160,20260323,91501160,000009.SZ,151057,1,0,8.41,100
2026-03-23 09:15:01.160,20260323,91501160,000009.SZ,151135,1,0,8.03,1000
2026-03-23 09:15:01.160,20260323,91501160,000009.SZ,151137,1,0,8.23,800
2026-03-23 09:15:01.160,20260323,91501160,000009.SZ,151138,1,0,8.43,800
2026-03-23 09:15:01.160,20260323,91501160,000009.SZ,151177,2,0,8.86,4000
2026-03-23 09:15:01.160,20260323,91501160,000009.SZ,151180,2,0,9.1,2100
2026-03-23 09:15:01.170,20260323,91501170,000009.SZ,151268,1,0,8.1,100
2026-03-23 09:15:01.170,20260323,91501170,000009.SZ,151728,2,0,9.22,500
2026-03-23 09:15:01.170,20260323,91501170,000009.SZ,151730,2,0,9.77,1000
2026-03-23 09:15:01.180,20260323,91501180,000009.SZ,151965,2,0,8.89,1000
2026-03-23 09:15:01.190,20260323,91501190,000009.SZ,152309,1,0,8.8,7000
2026-03-23 09:15:01.190,20260323,91501190,000009.SZ,152326,2,0,9.5,7000
2026-03-23 09:15:01.190,20260323,91501190,000009.SZ,152433,2,0,9.05,900
2026-03-23 09:15:01.220,20260323,91501220,000009.SZ,153617,2,0,9.06,1000
2026-03-23 09:15:01.220,20260323,91501220,000009.SZ,153621,1,0,8.61,300
2026-03-23 09:15:01.220,20260323,91501220,000009.SZ,153868,2,0,9.33,2900
2026-03-23 09:15:01.250,20260323,91501250,000009.SZ,154649,1,0,8.8,500
2026-03-23 09:15:01.290,20260323,91501290,000009.SZ,155897,2,0,9.76,3000
2026-03-23 09:15:01.300,20260323,91501300,000009.SZ,156196,1,0,8.0,500
2026-03-23 09:15:01.300,20260323,91501300,000009.SZ,156220,1,0,8.89,12000
2026-03-23 09:15:01.300,20260323,91501300,000009.SZ,156222,1,0,8.8,7000
2026-03-23 09:15:01.300,20260323,91501300,000009.SZ,156224,2,0,9.78,8000
2026-03-23 09:15:01.300,20260323,91501300,000009.SZ,156225,2,0,9.69,10000
2026-03-23 09:15:01.300,20260323,91501300,000009.SZ,156275,1,0,8.5,3000
2026-03-23 09:15:01.320,20260323,91501320,000009.SZ,156959,1,0,8.8,500
2026-03-23 09:15:01.330,20260323,91501330,000009.SZ,157207,2,0,9.25,10000
2026-03-23 09:15:01.360,20260323,91501360,000009.SZ,158166,2,0,9.3,200
2026-03-23 09:15:01.360,20260323,91501360,000009.SZ,158255,2,0,9.78,2000
2026-03-23 09:15:01.360,20260323,91501360,000009.SZ,158257,2,0,9.56,2000
2026-03-23 09:15:01.380,20260323,91501380,000009.SZ,158914,2,0,9.78,3000
2026-03-23 09:15:01.380,20260323,91501380,000009.SZ,158937,2,0,9.05,400
2026-03-23 09:15:01.420,20260323,91501420,000009.SZ,159964,2,0,9.55,900
2026-03-23 09:15:01.430,20260323,91501430,000009.SZ,160191,1,0,8.53,500
2026-03-23 09:15:01.430,20260323,91501430,000009.SZ,160198,2,0,9.54,300
2026-03-23 09:15:01.430,20260323,91501430,000009.SZ,160219,2,0,9.15,2000
2026-03-23 09:15:01.430,20260323,91501430,000009.SZ,160476,2,0,9.05,200
2026-03-23 09:15:01.450,20260323,91501450,000009.SZ,161727,2,0,9.78,59200
2026-03-23 09:15:01.470,20260323,91501470,000009.SZ,162728,2,0,8.89,3000
2026-03-23 09:15:01.480,20260323,91501480,000009.SZ,163128,1,0,8.61,10000
2026-03-23 09:15:01.480,20260323,91501480,000009.SZ,163129,1,0,8.41,10000
2026-03-23 09:15:01.490,20260323,91501490,000009.SZ,163632,2,0,9.5,500
2026-03-23 09:15:01.490,20260323,91501490,000009.SZ,163633,1,0,8.5,1000
2026-03-23 09:15:01.490,20260323,91501490,000009.SZ,163649,1,0,8.5,100
2026-03-23 09:15:01.500,20260323,91501500,000009.SZ,163947,2,0,9.15,3800
2026-03-23 09:15:01.500,20260323,91501500,000009.SZ,163948,2,0,9.35,300
2026-03-23 09:15:01.500,20260323,91501500,000009.SZ,163949,2,0,9.78,600
2026-03-23 09:15:01.550,20260323,91501550,000009.SZ,165549,1,0,8.8,300
2026-03-23 09:15:01.570,20260323,91501570,000009.SZ,166408,2,0,9.75,700
2026-03-23 09:15:01.570,20260323,91501570,000009.SZ,166928,2,0,9.3,2000
2026-03-23 09:15:01.600,20260323,91501600,000009.SZ,168464,2,0,9.08,200
2026-03-23 09:15:01.600,20260323,91501600,000009.SZ,168535,2,0,8.5,1200
2026-03-23 09:15:01.630,20260323,91501630,000009.SZ,170430,1,0,8.9,200
2026-03-23 09:15:01.660,20260323,91501660,000009.SZ,171824,2,0,9.78,200
2026-03-23 09:15:01.670,20260323,91501670,000009.SZ,172088,2,0,8.89,2000
2026-03-23 09:15:01.710,20260323,91501710,000009.SZ,173611,2,0,9.19,1800
2026-03-23 09:15:01.710,20260323,91501710,000009.SZ,173612,2,0,9.31,1700
2026-03-23 09:15:01.710,20260323,91501710,000009.SZ,173613,2,0,9.42,1700
2026-03-23 09:15:01.710,20260323,91501710,000009.SZ,173614,2,0,9.52,1700
2026-03-23 09:15:01.710,20260323,91501710,000009.SZ,173615,2,0,9.61,1700
2026-03-23 09:15:01.710,20260323,91501710,000009.SZ,173616,2,0,9.7,1700
2026-03-23 09:15:01.710,20260323,91501710,000009.SZ,173617,2,0,9.78,1700
2026-03-23 09:15:01.710,20260323,91501710,000009.SZ,173618,1,0,8.61,3300
2026-03-23 09:15:01.740,20260323,91501740,000009.SZ,174694,1,0,8.54,300
2026-03-23 09:15:01.740,20260323,91501740,000009.SZ,174793,1,0,8.79,1000
2026-03-23 09:15:01.740,20260323,91501740,000009.SZ,174795,1,0,8.81,1000
2026-03-23 09:15:01.740,20260323,91501740,000009.SZ,174797,1,0,8.82,1000
2026-03-23 09:15:01.740,20260323,91501740,000009.SZ,174798,1,0,8.8,1000
2026-03-23 09:15:01.740,20260323,91501740,000009.SZ,174799,1,0,8.83,1000
2026-03-23 09:15:01.740,20260323,91501740,000009.SZ,174800,1,0,8.77,1000
2026-03-23 09:15:01.740,20260323,91501740,000009.SZ,174803,1,0,8.75,1000
2026-03-23 09:15:01.740,20260323,91501740,000009.SZ,174804,1,0,8.73,2000
2026-03-23 09:15:01.740,20260323,91501740,000009.SZ,174805,1,0,8.71,2000
2026-03-23 09:15:01.750,20260323,91501750,000009.SZ,175042,2,0,8.89,400
2026-03-23 09:15:01.760,20260323,91501760,000009.SZ,175597,2,0,9.53,200
2026-03-23 09:15:01.790,20260323,91501790,000009.SZ,176645,2,0,8.89,1100
2026-03-23 09:15:01.810,20260323,91501810,000009.SZ,177766,2,0,9.6,300
2026-03-23 09:15:01.810,20260323,91501810,000009.SZ,177948,2,0,9.37,18000
2026-03-23 09:15:01.820,20260323,91501820,000009.SZ,178089,2,0,9.78,30000
2026-03-23 09:15:01.830,20260323,91501830,000009.SZ,178468,2,0,9.16,2000
2026-03-23 09:15:01.850,20260323,91501850,000009.SZ,179199,1,0,8.58,1000
2026-03-23 09:15:01.850,20260323,91501850,000009.SZ,179514,2,0,9.42,600
2026-03-23 09:15:01.910,20260323,91501910,000009.SZ,181500,2,0,9.1,700
2026-03-23 09:15:01.920,20260323,91501920,000009.SZ,182066,2,0,8.93,1000
2026-03-23 09:15:01.920,20260323,91501920,000009.SZ,182227,2,0,9.78,500
2026-03-23 09:15:01.940,20260323,91501940,000009.SZ,183007,2,0,9.14,3000
2026-03-23 09:15:01.950,20260323,91501950,000009.SZ,183277,2,0,9.4,100
2026-03-23 09:15:01.950,20260323,91501950,000009.SZ,183280,2,0,9.14,200
2026-03-23 09:15:01.980,20260323,91501980,000009.SZ,184539,1,0,8.87,1200
2026-03-23 09:15:01.980,20260323,91501980,000009.SZ,184540,1,0,8.81,1200
2026-03-23 09:15:01.980,20260323,91501980,000009.SZ,184542,1,0,8.73,1200
2026-03-23 09:15:01.980,20260323,91501980,000009.SZ,184562,2,0,8.76,500
2026-03-23 09:15:02.020,20260323,91502020,000009.SZ,186112,2,0,9.78,10000
2026-03-23 09:15:02.050,20260323,91502050,000009.SZ,186795,2,0,8.89,7600
2026-03-23 09:15:02.080,20260323,91502080,000009.SZ,187368,1,0,8.4,100
2026-03-23 09:15:02.080,20260323,91502080,000009.SZ,187479,2,0,9.2,2200
2026-03-23 09:15:02.110,20260323,91502110,000009.SZ,188082,2,0,9.1,1200
2026-03-23 09:15:02.130,20260323,91502130,000009.SZ,188531,2,0,8.69,1000
2026-03-23 09:15:02.150,20260323,91502150,000009.SZ,189239,2,0,9.46,4000
2026-03-23 09:15:02.150,20260323,91502150,000009.SZ,189305,1,0,8.81,1500
2026-03-23 09:15:02.160,20260323,91502160,000009.SZ,189576,2,0,8.19,200
2026-03-23 09:15:02.160,20260323,91502160,000009.SZ,189685,2,0,9.78,2200
2026-03-23 09:15:02.180,20260323,91502180,000009.SZ,190085,1,0,8.0,1000
2026-03-23 09:15:02.210,20260323,91502210,000009.SZ,190621,2,0,9.16,1000
2026-03-23 09:15:02.210,20260323,91502210,000009.SZ,190622,2,0,9.32,2000
2026-03-23 09:15:02.330,20260323,91502330,000009.SZ,192443,2,0,8.98,4000
2026-03-23 09:15:02.340,20260323,91502340,000009.SZ,192556,2,0,9.0,800
2026-03-23 09:15:02.450,20260323,91502450,000009.SZ,194550,1,0,8.1,500
2026-03-23 09:15:02.460,20260323,91502460,000009.SZ,195093,2,0,9.78,100
2026-03-23 09:15:02.500,20260323,91502500,000009.SZ,195953,2,0,9.77,200
2026-03-23 09:15:02.510,20260323,91502510,000009.SZ,196161,2,0,9.3,1200
2026-03-23 09:15:02.550,20260323,91502550,000009.SZ,196887,1,0,8.28,3000
2026-03-23 09:15:02.560,20260323,91502560,000009.SZ,197021,2,0,9.29,500
2026-03-23 09:15:02.570,20260323,91502570,000009.SZ,197199,2,0,9.56,5000
2026-03-23 09:15:02.620,20260323,91502620,000009.SZ,199409,1,0,8.74,500
2026-03-23 09:15:02.680,20260323,91502680,000009.SZ,200506,1,0,8.75,100
2026-03-23 09:15:02.680,20260323,91502680,000009.SZ,200507,2,0,9.25,100
2026-03-23 09:15:02.680,20260323,91502680,000009.SZ,200508,2,0,9.5,100
2026-03-23 09:15:02.750,20260323,91502750,000009.SZ,201607,2,0,9.78,1300
2026-03-23 09:15:02.800,20260323,91502800,000009.SZ,202144,1,0,8.65,100
2026-03-23 09:15:02.920,20260323,91502920,000009.SZ,204178,1,0,8.72,3600
2026-03-23 09:15:02.950,20260323,91502950,000009.SZ,204913,2,0,8.89,3200
2026-03-23 09:15:02.970,20260323,91502970,000009.SZ,205258,2,0,9.78,4400
2026-03-23 09:15:02.970,20260323,91502970,000009.SZ,205259,2,0,9.67,4500
2026-03-23 09:15:02.990,20260323,91502990,000009.SZ,205479,2,0,9.78,500
2026-03-23 09:15:02.990,20260323,91502990,000009.SZ,205633,2,0,9.78,4900
2026-03-23 09:15:03.010,20260323,91503010,000009.SZ,205906,2,0,9.77,300
2026-03-23 09:15:03.020,20260323,91503020,000009.SZ,206065,1,0,8.19,200
2026-03-23 09:15:03.130,20260323,91503130,000009.SZ,207194,2,0,9.19,100
2026-03-23 09:15:03.160,20260323,91503160,000009.SZ,207532,2,0,9.15,500
2026-03-23 09:15:03.410,20260323,91503410,000009.SZ,209033,2,0,9.78,100
2026-03-23 09:15:03.510,20260323,91503510,000009.SZ,210289,2,0,9.78,500
2026-03-23 09:15:03.520,20260323,91503520,000009.SZ,210390,1,0,8.66,4000
2026-03-23 09:15:03.580,20260323,91503580,000009.SZ,210936,2,0,9.29,1100
2026-03-23 09:15:03.590,20260323,91503590,000009.SZ,211091,2,0,8.94,1100
2026-03-23 09:15:03.600,20260323,91503600,000009.SZ,211329,1,0,8.6,1000
2026-03-23 09:15:03.600,20260323,91503600,000009.SZ,211332,1,0,8.7,1000
2026-03-23 09:15:03.650,20260323,91503650,000009.SZ,211943,2,0,9.78,100
2026-03-23 09:15:03.760,20260323,91503760,000009.SZ,212944,2,0,9.08,2000
2026-03-23 09:15:03.800,20260323,91503800,000009.SZ,213203,1,0,8.75,1000
2026-03-23 09:15:03.800,20260323,91503800,000009.SZ,213205,2,0,9.25,1000
2026-03-23 09:15:03.890,20260323,91503890,000009.SZ,213701,2,0,9.1,200
2026-03-23 09:15:04.050,20260323,91504050,000009.SZ,215762,2,0,9.78,500
2026-03-23 09:15:04.180,20260323,91504180,000009.SZ,216712,2,0,9.78,1000
2026-03-23 09:15:04.560,20260323,91504560,000009.SZ,218288,1,0,8.9,100
2026-03-23 09:15:04.870,20260323,91504870,000009.SZ,219691,2,0,9.28,2100
2026-03-23 09:15:05.320,20260323,91505320,000009.SZ,220906,2,0,9.68,2000
2026-03-23 09:15:05.320,20260323,91505320,000009.SZ,220910,2,0,9.63,500
2026-03-23 09:15:05.320,20260323,91505320,000009.SZ,220912,2,0,9.36,500
2026-03-23 09:15:05.910,20260323,91505910,000009.SZ,222322,2,0,9.5,3000
2026-03-23 09:15:06.630,20260323,91506630,000009.SZ,222940,2,0,9.7,1200
2026-03-23 09:15:08.950,20260323,91508950,000009.SZ,224424,1,0,8.8,400
2026-03-23 09:15:10.640,20260323,91510640,000009.SZ,224803,2,0,9.77,5700
2026-03-23 09:15:10.760,20260323,91510760,000009.SZ,224847,2,0,8.0,400
2026-03-23 09:15:10.780,20260323,91510780,000009.SZ,224852,2,0,8.89,100
2026-03-23 09:15:12.290,20260323,91512290,000009.SZ,225151,2,0,8.97,200
2026-03-23 09:15:12.330,20260323,91512330,000009.SZ,225162,1,0,8.83,200
2026-03-23 09:15:16.950,20260323,91516950,000009.SZ,225843,2,0,9.1,1000
2026-03-23 09:15:18.380,20260323,91518380,000009.SZ,226104,1,0,8.5,100
2026-03-23 09:15:19.950,20260323,91519950,000009.SZ,226421,2,0,9.11,1000
2026-03-23 09:15:22.000,20260323,91522000,000009.SZ,226847,1,0,8.89,5000
2026-03-23 09:15:22.740,20260323,91522740,000009.SZ,226983,1,0,8.01,1100
2026-03-23 09:15:25.770,20260323,91525770,000009.SZ,227533,2,0,8.89,100
2026-03-23 09:15:28.230,20260323,91528230,000009.SZ,227947,2,0,9.07,100
2026-03-23 09:15:28.240,20260323,91528240,000009.SZ,227949,1,0,8.87,100
2026-03-23 09:15:28.290,20260323,91528290,000009.SZ,227968,2,0,8.0,21200
2026-03-23 09:15:37.310,20260323,91537310,000009.SZ,229684,1,0,8.5,100
2026-03-23 09:15:37.310,20260323,91537310,000009.SZ,229685,2,0,9.3,100
2026-03-23 09:15:40.820,20260323,91540820,000009.SZ,230405,2,0,8.89,100
2026-03-23 09:15:49.210,20260323,91549210,000009.SZ,232146,2,0,9.29,200
2026-03-23 09:15:49.220,20260323,91549220,000009.SZ,232147,1,0,9.0,200
2026-03-23 09:15:51.240,20260323,91551240,000009.SZ,232629,2,0,9.1,400
2026-03-23 09:15:52.620,20260323,91552620,000009.SZ,232971,2,0,9.1,24800
2026-03-23 09:15:53.790,20260323,91553790,000009.SZ,233221,1,0,8.8,4300
2026-03-23 09:15:54.280,20260323,91554280,000009.SZ,233333,2,0,9.38,1000
2026-03-23 09:15:54.290,20260323,91554290,000009.SZ,233334,1,0,8.73,1000
2026-03-23 09:15:55.840,20260323,91555840,000009.SZ,233672,2,0,8.89,100
2026-03-23 09:16:01.680,20260323,91601680,000009.SZ,235113,2,0,8.96,100
2026-03-23 09:16:04.270,20260323,91604270,000009.SZ,235869,2,0,9.05,24900
2026-03-23 09:16:05.450,20260323,91605450,000009.SZ,236205,1,0,8.46,100
2026-03-23 09:16:07.750,20260323,91607750,000009.SZ,236737,2,0,9.0,100
2026-03-23 09:16:10.840,20260323,91610840,000009.SZ,237403,2,0,8.89,100
2026-03-23 09:16:13.790,20260323,91613790,000009.SZ,237997,2,0,9.05,100
2026-03-23 09:16:14.570,20260323,91614570,000009.SZ,238192,1,0,8.71,20000
2026-03-23 09:16:17.900,20260323,91617900,000009.SZ,238971,2,0,9.15,500
2026-03-23 09:16:19.880,20260323,91619880,000009.SZ,239389,2,0,9.1,100
2026-03-23 09:16:23.640,20260323,91623640,000009.SZ,240213,2,0,9.05,20000
2026-03-23 09:16:25.960,20260323,91625960,000009.SZ,240736,2,0,9.15,100
2026-03-23 09:16:31.090,20260323,91631090,000009.SZ,241910,2,0,8.0,200
2026-03-23 09:16:31.930,20260323,91631930,000009.SZ,242152,1,0,8.88,100
2026-03-23 09:16:34.770,20260323,91634770,000009.SZ,242920,2,0,9.12,10000
2026-03-23 09:16:39.680,20260323,91639680,000009.SZ,244043,2,0,8.0,200
2026-03-23 09:16:40.420,20260323,91640420,000009.SZ,244224,2,0,8.89,500
2026-03-23 09:16:42.710,20260323,91642710,000009.SZ,244792,2,0,9.12,5500
2026-03-23 09:16:44.460,20260323,91644460,000009.SZ,245252,1,0,8.08,500
2026-03-23 09:16:51.750,20260323,91651750,000009.SZ,247066,1,0,8.89,1500
2026-03-23 09:16:53.610,20260323,91653610,000009.SZ,247529,2,0,9.37,5500
2026-03-23 09:17:06.470,20260323,91706470,000009.SZ,250942,2,0,8.98,1300
2026-03-23 09:17:08.020,20260323,91708020,000009.SZ,251359,2,0,9.3,1000
2026-03-23 09:17:15.650,20260323,91715650,000009.SZ,253312,2,0,9.6,2000
2026-03-23 09:17:16.290,20260323,91716290,000009.SZ,253469,2,0,9.78,2000
2026-03-23 09:17:17.200,20260323,91717200,000009.SZ,253713,2,0,9.15,1000
2026-03-23 09:17:24.020,20260323,91724020,000009.SZ,255524,2,0,9.22,200
2026-03-23 09:17:28.580,20260323,91728580,000009.SZ,256705,2,0,8.89,400
2026-03-23 09:17:31.850,20260323,91731850,000009.SZ,257545,1,0,8.8,1300
2026-03-23 09:17:42.140,20260323,91742140,000009.SZ,260409,2,0,9.69,3100
2026-03-23 09:17:44.640,20260323,91744640,000009.SZ,261059,2,0,9.78,10000
2026-03-23 09:17:46.980,20260323,91746980,000009.SZ,261683,1,0,8.75,1000
2026-03-23 09:17:50.790,20260323,91750790,000009.SZ,262782,2,0,9.13,1000
2026-03-23 09:17:52.930,20260323,91752930,000009.SZ,263397,1,0,8.89,500
2026-03-23 09:17:54.600,20260323,91754600,000009.SZ,263904,2,0,8.0,100
2026-03-23 09:17:54.660,20260323,91754660,000009.SZ,263926,2,0,9.78,2800
2026-03-23 09:17:58.800,20260323,91758800,000009.SZ,265084,1,0,8.75,2000
2026-03-23 09:17:59.240,20260323,91759240,000009.SZ,265219,1,0,8.81,200000
2026-03-23 09:18:00.950,20260323,91800950,000009.SZ,265788,1,0,8.46,1000
2026-03-23 09:18:02.600,20260323,91802600,000009.SZ,266268,2,0,8.78,600
2026-03-23 09:18:04.520,20260323,91804520,000009.SZ,266829,2,0,9.6,8000
2026-03-23 09:18:06.440,20260323,91806440,000009.SZ,267411,2,0,9.78,400
2026-03-23 09:18:06.620,20260323,91806620,000009.SZ,267468,1,0,8.89,100
2026-03-23 09:18:08.860,20260323,91808860,000009.SZ,268090,2,0,9.3,400
2026-03-23 09:18:12.190,20260323,91812190,000009.SZ,269039,2,0,9.0,20000
2026-03-23 09:18:16.570,20260323,91816570,000009.SZ,270324,2,0,9.2,900
2026-03-23 09:18:18.540,20260323,91818540,000009.SZ,270895,2,0,8.81,1600
2026-03-23 09:18:18.900,20260323,91818900,000009.SZ,270993,1,0,8.75,200
2026-03-23 09:18:32.100,20260323,91832100,000009.SZ,274773,1,0,8.65,500
2026-03-23 09:18:35.600,20260323,91835600,000009.SZ,275812,2,0,8.98,3000
2026-03-23 09:18:36.230,20260323,91836230,000009.SZ,276006,1,0,8.37,400
2026-03-23 09:18:37.850,20260323,91837850,000009.SZ,276556,1,0,8.89,100
2026-03-23 09:18:38.880,20260323,91838880,000009.SZ,276900,2,0,8.8,1500
2026-03-23 09:18:41.550,20260323,91841550,000009.SZ,277787,1,0,8.5,400
2026-03-23 09:18:43.830,20260323,91843830,000009.SZ,278480,1,0,8.89,100
2026-03-23 09:18:45.810,20260323,91845810,000009.SZ,279091,2,0,9.65,500
2026-03-23 09:18:46.720,20260323,91846720,000009.SZ,279348,2,0,8.76,500
2026-03-23 09:18:47.290,20260323,91847290,000009.SZ,279516,1,0,8.89,2000
2026-03-23 09:18:49.890,20260323,91849890,000009.SZ,280251,1,0,8.89,100
2026-03-23 09:18:50.640,20260323,91850640,000009.SZ,280475,1,0,8.86,2200
2026-03-23 09:18:55.950,20260323,91855950,000009.SZ,282040,1,0,8.89,100
2026-03-23 09:19:02.030,20260323,91902030,000009.SZ,283822,1,0,8.89,100
2026-03-23 09:19:03.280,20260323,91903280,000009.SZ,284197,1,0,8.8,5800
2026-03-23 09:19:08.080,20260323,91908080,000009.SZ,285720,1,0,8.89,100
2026-03-23 09:19:12.540,20260323,91912540,000009.SZ,287119,2,0,9.78,100
2026-03-23 09:19:13.620,20260323,91913620,000009.SZ,287501,1,0,8.01,2000
2026-03-23 09:19:14.150,20260323,91914150,000009.SZ,287685,1,0,8.89,100
2026-03-23 09:19:17.150,20260323,91917150,000009.SZ,288651,2,0,8.95,200
2026-03-23 09:19:18.290,20260323,91918290,000009.SZ,289010,1,0,8.81,200
2026-03-23 09:19:20.230,20260323,91920230,000009.SZ,289658,1,0,8.89,100
2026-03-23 09:19:23.540,20260323,91923540,000009.SZ,290725,1,0,8.8,5000
2026-03-23 09:19:24.830,20260323,91924830,000009.SZ,291139,2,0,9.78,4400
2026-03-23 09:19:25.230,20260323,91925230,000009.SZ,291298,2,0,9.77,300
2026-03-23 09:19:26.310,20260323,91926310,000009.SZ,291632,1,0,8.89,100
2026-03-23 09:19:32.420,20260323,91932420,000009.SZ,293557,1,0,8.89,100
2026-03-23 09:19:37.490,20260323,91937490,000009.SZ,295180,2,0,9.3,900
2026-03-23 09:19:38.500,20260323,91938500,000009.SZ,295496,1,0,8.89,100
2026-03-23 09:19:38.500,20260323,91938500,000009.SZ,295498,2,0,9.19,100
2026-03-23 09:19:43.030,20260323,91943030,000009.SZ,296980,2,0,9.1,2000
2026-03-23 09:19:43.200,20260323,91943200,000009.SZ,297040,2,0,9.09,1000
2026-03-23 09:19:44.580,20260323,91944580,000009.SZ,297493,1,0,8.89,100
2026-03-23 09:19:45.280,20260323,91945280,000009.SZ,297751,1,0,8.82,700
2026-03-23 09:19:50.640,20260323,91950640,000009.SZ,299571,1,0,8.89,100
2026-03-23 09:19:51.340,20260323,91951340,000009.SZ,299802,2,0,8.5,300
2026-03-23 09:19:52.580,20260323,91952580,000009.SZ,300206,2,0,9.08,2000
2026-03-23 09:19:53.590,20260323,91953590,000009.SZ,300559,2,0,9.09,3000
2026-03-23 09:19:54.530,20260323,91954530,000009.SZ,300888,2,0,9.6,100
2026-03-23 09:19:56.690,20260323,91956690,000009.SZ,301680,1,0,8.89,100
2026-03-23 09:19:56.810,20260323,91956810,000009.SZ,301726,2,0,9.07,20400
2026-03-23 09:19:57.570,20260323,91957570,000009.SZ,301982,2,0,9.76,400
2026-03-23 09:20:00.640,20260323,92000640,000009.SZ,303131,1,0,8.9,2000
2026-03-23 09:20:01.080,20260323,92001080,000009.SZ,303274,1,0,9.78,100
2026-03-23 09:20:02.080,20260323,92002080,000009.SZ,303667,2,0,8.72,100
2026-03-23 09:20:02.780,20260323,92002780,000009.SZ,303946,1,0,8.89,100
2026-03-23 09:20:03.210,20260323,92003210,000009.SZ,304104,2,0,9.09,1000
2026-03-23 09:20:03.360,20260323,92003360,000009.SZ,304129,2,0,9.7,100
2026-03-23 09:20:04.430,20260323,92004430,000009.SZ,304480,1,0,8.8,6200
2026-03-23 09:20:11.000,20260323,92011000,000009.SZ,306557,1,0,8.82,1200
2026-03-23 09:20:14.620,20260323,92014620,000009.SZ,307574,2,0,9.12,2900
2026-03-23 09:20:18.280,20260323,92018280,000009.SZ,308613,2,0,8.8,6000
2026-03-23 09:20:24.150,20260323,92024150,000009.SZ,310401,2,0,8.89,5000
2026-03-23 09:20:27.180,20260323,92027180,000009.SZ,311260,2,0,9.78,16000
2026-03-23 09:20:27.780,20260323,92027780,000009.SZ,311450,2,0,9.3,2000
2026-03-23 09:20:29.160,20260323,92029160,000009.SZ,311859,1,0,8.68,2000
2026-03-23 09:20:32.760,20260323,92032760,000009.SZ,312897,1,0,8.79,13800
2026-03-23 09:20:35.190,20260323,92035190,000009.SZ,313523,1,0,8.89,1100
2026-03-23 09:20:36.160,20260323,92036160,000009.SZ,313785,2,0,9.75,1000
2026-03-23 09:20:38.110,20260323,92038110,000009.SZ,314373,2,0,8.86,200
2026-03-23 09:20:38.280,20260323,92038280,000009.SZ,314415,2,0,9.16,600
2026-03-23 09:20:42.140,20260323,92042140,000009.SZ,315467,2,0,9.05,1000
2026-03-23 09:20:43.870,20260323,92043870,000009.SZ,315963,2,0,9.14,2000
2026-03-23 09:20:45.510,20260323,92045510,000009.SZ,316482,2,0,9.78,5600
2026-03-23 09:20:45.860,20260323,92045860,000009.SZ,316602,1,0,8.5,30000
2026-03-23 09:20:49.250,20260323,92049250,000009.SZ,317581,1,0,8.5,1000
2026-03-23 09:20:51.800,20260323,92051800,000009.SZ,318445,1,0,8.62,100
2026-03-23 09:20:55.620,20260323,92055620,000009.SZ,319515,1,0,8.6,10000
2026-03-23 09:20:59.480,20260323,92059480,000009.SZ,320698,2,0,9.76,400
2026-03-23 09:21:00.090,20260323,92100090,000009.SZ,320879,2,0,8.0,200
2026-03-23 09:21:00.410,20260323,92100410,000009.SZ,321063,2,0,8.0,700
2026-03-23 09:21:00.410,20260323,92100410,000009.SZ,321064,2,0,8.0,300
2026-03-23 09:21:00.440,20260323,92100440,000009.SZ,321097,2,0,8.0,1200
2026-03-23 09:21:00.440,20260323,92100440,000009.SZ,321107,2,0,8.0,2200
2026-03-23 09:21:00.980,20260323,92100980,000009.SZ,321880,2,0,8.0,200
2026-03-23 09:21:01.290,20260323,92101290,000009.SZ,322043,1,0,8.7,10000
2026-03-23 09:21:01.960,20260323,92101960,000009.SZ,322421,2,0,8.0,1100
2026-03-23 09:21:01.980,20260323,92101980,000009.SZ,322426,2,0,8.0,500
2026-03-23 09:21:01.980,20260323,92101980,000009.SZ,322427,2,0,8.0,600
2026-03-23 09:21:02.300,20260323,92102300,000009.SZ,322616,2,0,9.15,700
2026-03-23 09:21:02.710,20260323,92102710,000009.SZ,322899,2,0,9.5,500
2026-03-23 09:21:06.540,20260323,92106540,000009.SZ,324284,1,0,8.01,13600
2026-03-23 09:21:10.980,20260323,92110980,000009.SZ,325734,2,0,8.99,300
2026-03-23 09:21:11.700,20260323,92111700,000009.SZ,325972,2,0,9.77,1000
2026-03-23 09:21:11.720,20260323,92111720,000009.SZ,325993,2,0,8.0,500
2026-03-23 09:21:11.840,20260323,92111840,000009.SZ,326039,2,0,9.78,2600
2026-03-23 09:21:15.110,20260323,92115110,000009.SZ,327158,2,0,9.46,4000
2026-03-23 09:21:19.000,20260323,92119000,000009.SZ,328392,2,0,9.1,3000
2026-03-23 09:21:22.800,20260323,92122800,000009.SZ,329680,1,0,8.4,2000
2026-03-23 09:21:24.670,20260323,92124670,000009.SZ,330240,1,0,8.8,200
2026-03-23 09:21:24.850,20260323,92124850,000009.SZ,330295,2,0,9.78,12200
2026-03-23 09:21:25.750,20260323,92125750,000009.SZ,330592,2,0,9.68,1900
2026-03-23 09:21:26.810,20260323,92126810,000009.SZ,330918,2,0,8.0,400
2026-03-23 09:21:27.420,20260323,92127420,000009.SZ,331117,2,0,9.7,1000
2026-03-23 09:21:31.470,20260323,92131470,000009.SZ,332485,2,0,9.5,10000
2026-03-23 09:21:31.510,20260323,92131510,000009.SZ,332506,1,0,8.8,1100
2026-03-23 09:21:32.040,20260323,92132040,000009.SZ,332682,2,0,9.02,500
2026-03-23 09:21:40.140,20260323,92140140,000009.SZ,335331,1,0,8.82,100
2026-03-23 09:21:40.650,20260323,92140650,000009.SZ,335513,2,0,8.96,900
2026-03-23 09:21:41.590,20260323,92141590,000009.SZ,335914,2,0,9.01,1100
2026-03-23 09:21:46.050,20260323,92146050,000009.SZ,337494,2,0,9.05,1000
2026-03-23 09:21:49.750,20260323,92149750,000009.SZ,338810,2,0,9.14,1000
2026-03-23 09:21:51.180,20260323,92151180,000009.SZ,339325,2,0,8.93,500
2026-03-23 09:21:51.290,20260323,92151290,000009.SZ,339361,1,0,8.71,500
2026-03-23 09:21:51.510,20260323,92151510,000009.SZ,339424,2,0,8.89,1000
2026-03-23 09:21:56.880,20260323,92156880,000009.SZ,341297,2,0,8.63,800
2026-03-23 09:21:57.410,20260323,92157410,000009.SZ,341494,2,0,9.4,6000
2026-03-23 09:22:05.490,20260323,92205490,000009.SZ,344345,2,0,9.58,800
2026-03-23 09:22:08.020,20260323,92208020,000009.SZ,345229,1,0,8.86,50000
2026-03-23 09:22:10.330,20260323,92210330,000009.SZ,346044,2,0,8.6,3200
2026-03-23 09:22:11.440,20260323,92211440,000009.SZ,346428,2,0,9.78,500
2026-03-23 09:22:11.820,20260323,92211820,000009.SZ,346553,1,0,8.89,100
2026-03-23 09:22:14.300,20260323,92214300,000009.SZ,347436,2,0,9.7,5400
2026-03-23 09:22:14.730,20260323,92214730,000009.SZ,347596,2,0,9.08,600
2026-03-23 09:22:19.250,20260323,92219250,000009.SZ,349320,2,0,9.78,1800
2026-03-23 09:22:25.910,20260323,92225910,000009.SZ,351890,1,0,8.81,3000
2026-03-23 09:22:27.820,20260323,92227820,000009.SZ,352591,2,0,9.78,3000
2026-03-23 09:22:29.360,20260323,92229360,000009.SZ,353193,2,0,8.86,2500
2026-03-23 09:22:31.460,20260323,92231460,000009.SZ,354051,2,0,8.9,400
2026-03-23 09:22:32.590,20260323,92232590,000009.SZ,354531,1,0,8.76,300
2026-03-23 09:22:34.420,20260323,92234420,000009.SZ,355259,1,0,8.85,500
2026-03-23 09:22:34.820,20260323,92234820,000009.SZ,355429,2,0,9.1,5000
2026-03-23 09:22:37.470,20260323,92237470,000009.SZ,356437,1,0,8.85,1000
2026-03-23 09:22:44.300,20260323,92244300,000009.SZ,359230,2,0,8.89,1400
2026-03-23 09:22:48.250,20260323,92248250,000009.SZ,360835,1,0,8.51,500
2026-03-23 09:22:48.550,20260323,92248550,000009.SZ,360972,2,0,9.13,1100
2026-03-23 09:22:49.830,20260323,92249830,000009.SZ,361457,2,0,8.89,1000
2026-03-23 09:22:49.920,20260323,92249920,000009.SZ,361500,2,0,9.1,1000
2026-03-23 09:22:50.760,20260323,92250760,000009.SZ,361842,1,0,8.89,800
2026-03-23 09:22:50.930,20260323,92250930,000009.SZ,361918,1,0,8.89,1900
2026-03-23 09:22:52.580,20260323,92252580,000009.SZ,362617,2,0,8.89,10000
2026-03-23 09:22:52.910,20260323,92252910,000009.SZ,362741,2,0,8.94,1200
2026-03-23 09:22:54.470,20260323,92254470,000009.SZ,363455,2,0,9.21,1900
2026-03-23 09:22:57.940,20260323,92257940,000009.SZ,364824,2,0,9.78,1400
2026-03-23 09:22:58.020,20260323,92258020,000009.SZ,364858,2,0,8.0,500
2026-03-23 09:22:59.050,20260323,92259050,000009.SZ,365295,2,0,8.88,200
2026-03-23 09:22:59.180,20260323,92259180,000009.SZ,365346,1,0,8.75,100
2026-03-23 09:22:59.500,20260323,92259500,000009.SZ,365469,1,0,8.53,100
2026-03-23 09:22:59.730,20260323,92259730,000009.SZ,365550,1,0,8.89,500
2026-03-23 09:23:01.250,20260323,92301250,000009.SZ,366279,2,0,8.89,2000
2026-03-23 09:23:02.740,20260323,92302740,000009.SZ,366919,2,0,8.87,300
2026-03-23 09:23:03.320,20260323,92303320,000009.SZ,367176,2,0,9.1,1000
2026-03-23 09:23:03.970,20260323,92303970,000009.SZ,367446,1,0,8.37,9200
2026-03-23 09:23:04.860,20260323,92304860,000009.SZ,367876,2,0,9.51,2000
2026-03-23 09:23:06.570,20260323,92306570,000009.SZ,368711,2,0,8.79,2200
2026-03-23 09:23:07.410,20260323,92307410,000009.SZ,369071,1,0,8.88,1000
2026-03-23 09:23:08.840,20260323,92308840,000009.SZ,369680,1,0,8.5,400
2026-03-23 09:23:10.670,20260323,92310670,000009.SZ,370579,2,0,8.88,1000
2026-03-23 09:23:10.720,20260323,92310720,000009.SZ,370603,2,0,9.3,9300
2026-03-23 09:23:14.050,20260323,92314050,000009.SZ,372110,2,0,8.87,50000
2026-03-23 09:23:21.700,20260323,92321700,000009.SZ,375740,2,0,8.7,3100
2026-03-23 09:23:21.930,20260323,92321930,000009.SZ,375863,2,0,9.66,100
2026-03-23 09:23:22.370,20260323,92322370,000009.SZ,376059,2,0,9.3,2000
2026-03-23 09:23:25.390,20260323,92325390,000009.SZ,377491,2,0,9.08,7000
2026-03-23 09:23:26.090,20260323,92326090,000009.SZ,377847,2,0,8.87,60000
2026-03-23 09:23:26.100,20260323,92326100,000009.SZ,377883,1,0,9.78,600
2026-03-23 09:23:26.940,20260323,92326940,000009.SZ,378296,2,0,9.09,2000
2026-03-23 09:23:28.080,20260323,92328080,000009.SZ,378873,2,0,8.85,1000
2026-03-23 09:23:29.850,20260323,92329850,000009.SZ,379759,2,0,8.9,5000
2026-03-23 09:23:30.710,20260323,92330710,000009.SZ,380198,2,0,8.85,2000
2026-03-23 09:23:31.460,20260323,92331460,000009.SZ,380566,2,0,8.95,5000
2026-03-23 09:23:33.460,20260323,92333460,000009.SZ,381574,2,0,8.86,500
2026-03-23 09:23:34.060,20260323,92334060,000009.SZ,381860,2,0,9.3,3500
2026-03-23 09:23:35.530,20260323,92335530,000009.SZ,382585,2,0,8.87,2000
2026-03-23 09:23:35.750,20260323,92335750,000009.SZ,382691,2,0,8.95,1000
2026-03-23 09:23:35.980,20260323,92335980,000009.SZ,382820,2,0,9.08,1100
2026-03-23 09:23:36.860,20260323,92336860,000009.SZ,383286,2,0,8.82,1000
2026-03-23 09:23:39.240,20260323,92339240,000009.SZ,384457,1,0,8.86,300
2026-03-23 09:23:42.940,20260323,92342940,000009.SZ,386354,2,0,9.03,15400
2026-03-23 09:23:43.070,20260323,92343070,000009.SZ,386426,2,0,8.85,4800
2026-03-23 09:23:48.220,20260323,92348220,000009.SZ,389046,2,0,9.06,500
2026-03-23 09:23:48.770,20260323,92348770,000009.SZ,389357,1,0,8.8,500
2026-03-23 09:23:50.730,20260323,92350730,000009.SZ,390380,1,0,8.0,1000
2026-03-23 09:23:58.150,20260323,92358150,000009.SZ,394263,2,0,8.87,900
2026-03-23 09:23:58.190,20260323,92358190,000009.SZ,394289,2,0,8.93,2000
2026-03-23 09:24:00.100,20260323,92400100,000009.SZ,395370,2,0,8.45,100
2026-03-23 09:24:02.210,20260323,92402210,000009.SZ,396672,2,0,8.86,1700
2026-03-23 09:24:02.940,20260323,92402940,000009.SZ,397128,2,0,8.87,300
2026-03-23 09:24:03.250,20260323,92403250,000009.SZ,397313,2,0,9.05,1000
2026-03-23 09:24:04.260,20260323,92404260,000009.SZ,397964,2,0,8.0,3600
2026-03-23 09:24:05.240,20260323,92405240,000009.SZ,398575,2,0,8.86,7200
2026-03-23 09:24:05.790,20260323,92405790,000009.SZ,398917,2,0,8.87,2000
2026-03-23 09:24:06.140,20260323,92406140,000009.SZ,399133,2,0,8.87,1300
2026-03-23 09:24:06.330,20260323,92406330,000009.SZ,399236,1,0,8.8,1400
2026-03-23 09:24:06.840,20260323,92406840,000009.SZ,399523,2,0,8.92,400
2026-03-23 09:24:07.480,20260323,92407480,000009.SZ,399961,2,0,9.0,300
2026-03-23 09:24:07.860,20260323,92407860,000009.SZ,400201,2,0,8.86,700
2026-03-23 09:24:08.050,20260323,92408050,000009.SZ,400319,2,0,8.93,300
2026-03-23 09:24:08.720,20260323,92408720,000009.SZ,400760,2,0,9.07,300
2026-03-23 09:24:08.760,20260323,92408760,000009.SZ,400789,2,0,8.94,400
2026-03-23 09:24:09.130,20260323,92409130,000009.SZ,401051,2,0,8.93,300
2026-03-23 09:24:10.310,20260323,92410310,000009.SZ,401814,2,0,8.94,300
2026-03-23 09:24:10.670,20260323,92410670,000009.SZ,402045,2,0,8.84,4310
2026-03-23 09:24:10.710,20260323,92410710,000009.SZ,402075,2,0,8.82,1200
2026-03-23 09:24:12.000,20260323,92412000,000009.SZ,402935,2,0,9.0,400
2026-03-23 09:24:12.490,20260323,92412490,000009.SZ,403318,2,0,8.82,4000
2026-03-23 09:24:14.630,20260323,92414630,000009.SZ,404851,2,0,9.07,400
2026-03-23 09:24:14.660,20260323,92414660,000009.SZ,404868,2,0,8.94,500
2026-03-23 09:24:16.110,20260323,92416110,000009.SZ,405926,2,0,9.78,13000
2026-03-23 09:24:16.430,20260323,92416430,000009.SZ,406159,2,0,9.05,2000
2026-03-23 09:24:17.380,20260323,92417380,000009.SZ,406850,2,0,9.27,1000
2026-03-23 09:24:18.970,20260323,92418970,000009.SZ,408060,2,0,8.98,200
2026-03-23 09:24:22.540,20260323,92422540,000009.SZ,410970,2,0,8.86,500
2026-03-23 09:24:23.080,20260323,92423080,000009.SZ,411366,1,0,8.0,1000
2026-03-23 09:24:23.930,20260323,92423930,000009.SZ,412102,2,0,8.85,1600
2026-03-23 09:24:24.380,20260323,92424380,000009.SZ,412487,1,0,8.51,500
2026-03-23 09:24:24.430,20260323,92424430,000009.SZ,412529,2,0,8.86,15600
2026-03-23 09:24:27.230,20260323,92427230,000009.SZ,414896,2,0,8.81,900
2026-03-23 09:24:27.920,20260323,92427920,000009.SZ,415460,2,0,8.86,100
2026-03-23 09:24:27.960,20260323,92427960,000009.SZ,415534,1,0,9.78,600
2026-03-23 09:24:28.490,20260323,92428490,000009.SZ,416004,2,0,8.67,500
2026-03-23 09:24:30.950,20260323,92430950,000009.SZ,418305,1,0,8.88,5000
2026-03-23 09:24:32.510,20260323,92432510,000009.SZ,419851,2,0,8.86,200
2026-03-23 09:24:33.710,20260323,92433710,000009.SZ,420987,2,0,9.57,1000
2026-03-23 09:24:35.110,20260323,92435110,000009.SZ,422120,2,0,8.86,11100
2026-03-23 09:24:35.530,20260323,92435530,000009.SZ,422485,2,0,8.85,2000
2026-03-23 09:24:37.310,20260323,92437310,000009.SZ,424154,2,0,8.81,9500
2026-03-23 09:24:38.000,20260323,92438000,000009.SZ,424885,2,0,8.86,4800
2026-03-23 09:24:38.040,20260323,92438040,000009.SZ,424927,2,0,8.85,400
2026-03-23 09:24:38.250,20260323,92438250,000009.SZ,425165,2,0,8.86,600
2026-03-23 09:24:38.660,20260323,92438660,000009.SZ,425682,2,0,8.86,200
2026-03-23 09:24:41.180,20260323,92441180,000009.SZ,428423,1,0,9.78,1200
2026-03-23 09:24:41.200,20260323,92441200,000009.SZ,428448,2,0,8.73,5200
2026-03-23 09:24:41.460,20260323,92441460,000009.SZ,428678,2,0,8.82,1000
2026-03-23 09:24:41.680,20260323,92441680,000009.SZ,428868,2,0,8.86,4500
2026-03-23 09:24:41.690,20260323,92441690,000009.SZ,428928,1,0,9.78,600
2026-03-23 09:24:42.710,20260323,92442710,000009.SZ,429861,1,0,9.78,1200
2026-03-23 09:24:42.900,20260323,92442900,000009.SZ,430064,2,0,8.83,10100
2026-03-23 09:24:43.850,20260323,92443850,000009.SZ,431068,1,0,8.78,300
2026-03-23 09:24:43.870,20260323,92443870,000009.SZ,431088,1,0,9.78,600
2026-03-23 09:24:44.930,20260323,92444930,000009.SZ,432198,1,0,8.87,7000
2026-03-23 09:24:45.410,20260323,92445410,000009.SZ,432689,1,0,9.78,200
2026-03-23 09:24:46.200,20260323,92446200,000009.SZ,433552,1,0,8.7,200
2026-03-23 09:24:47.850,20260323,92447850,000009.SZ,435110,1,0,9.78,200
2026-03-23 09:24:48.460,20260323,92448460,000009.SZ,435780,1,0,9.78,200
2026-03-23 09:24:48.530,20260323,92448530,000009.SZ,435936,1,0,9.13,600
2026-03-23 09:24:48.620,20260323,92448620,000009.SZ,436064,2,0,8.79,10000
2026-03-23 09:24:49.070,20260323,92449070,000009.SZ,436612,2,0,8.86,15400
2026-03-23 09:24:49.640,20260323,92449640,000009.SZ,437328,1,0,9.78,600
2026-03-23 09:24:50.050,20260323,92450050,000009.SZ,437942,1,0,9.78,1200
2026-03-23 09:24:50.410,20260323,92450410,000009.SZ,438533,1,0,9.78,600
2026-03-23 09:24:50.660,20260323,92450660,000009.SZ,438915,1,0,9.78,1200
2026-03-23 09:24:51.200,20260323,92451200,000009.SZ,439684,2,0,8.73,3200
2026-03-23 09:24:51.320,20260323,92451320,000009.SZ,439841,1,0,9.77,600
2026-03-23 09:24:51.410,20260323,92451410,000009.SZ,440022,1,0,9.78,600
2026-03-23 09:24:51.540,20260323,92451540,000009.SZ,440237,1,0,8.61,600
2026-03-23 09:24:52.180,20260323,92452180,000009.SZ,441129,2,0,8.86,1000
2026-03-23 09:24:52.810,20260323,92452810,000009.SZ,442035,1,0,9.78,1200
2026-03-23 09:24:52.850,20260323,92452850,000009.SZ,442128,1,0,9.78,200
2026-03-23 09:24:52.990,20260323,92452990,000009.SZ,442382,2,0,8.72,9100
2026-03-23 09:24:53.000,20260323,92453000,000009.SZ,442396,2,0,9.09,1300
2026-03-23 09:24:53.140,20260323,92453140,000009.SZ,442559,1,0,8.87,500
2026-03-23 09:24:53.760,20260323,92453760,000009.SZ,443547,1,0,9.78,1200
2026-03-23 09:24:53.820,20260323,92453820,000009.SZ,443735,1,0,9.78,1200
2026-03-23 09:24:54.130,20260323,92454130,000009.SZ,444306,2,0,8.72,3300
2026-03-23 09:24:54.230,20260323,92454230,000009.SZ,444505,1,0,8.95,100
2026-03-23 09:24:55.160,20260323,92455160,000009.SZ,446750,1,0,9.76,600
2026-03-23 09:24:55.230,20260323,92455230,000009.SZ,446971,1,0,9.78,600
2026-03-23 09:24:55.380,20260323,92455380,000009.SZ,447346,1,0,8.8,100
2026-03-23 09:24:55.560,20260323,92455560,000009.SZ,447771,1,0,8.5,500
2026-03-23 09:24:55.780,20260323,92455780,000009.SZ,448339,2,0,8.63,100
2026-03-23 09:24:55.860,20260323,92455860,000009.SZ,448596,2,0,8.81,2700
2026-03-23 09:24:55.870,20260323,92455870,000009.SZ,448600,2,0,8.81,2700
2026-03-23 09:24:55.880,20260323,92455880,000009.SZ,448633,2,0,8.81,47000
2026-03-23 09:24:55.960,20260323,92455960,000009.SZ,449003,2,0,8.81,6700
2026-03-23 09:24:56.250,20260323,92456250,000009.SZ,449779,1,0,9.78,600
2026-03-23 09:24:56.360,20260323,92456360,000009.SZ,450080,2,0,9.19,100
2026-03-23 09:24:56.920,20260323,92456920,000009.SZ,451898,2,0,9.7,1000
2026-03-23 09:24:57.120,20260323,92457120,000009.SZ,452389,2,0,8.86,500
2026-03-23 09:24:57.200,20260323,92457200,000009.SZ,452625,2,0,8.82,100
2026-03-23 09:24:57.200,20260323,92457200,000009.SZ,452631,2,0,8.82,700
2026-03-23 09:24:57.200,20260323,92457200,000009.SZ,452633,2,0,8.82,100
2026-03-23 09:24:57.200,20260323,92457200,000009.SZ,452638,2,0,8.82,1000
2026-03-23 09:24:57.250,20260323,92457250,000009.SZ,452761,1,0,8.81,2000
2026-03-23 09:24:57.370,20260323,92457370,000009.SZ,453256,2,0,8.82,300
2026-03-23 09:24:57.370,20260323,92457370,000009.SZ,453257,2,0,8.82,100
2026-03-23 09:24:57.600,20260323,92457600,000009.SZ,454126,1,0,9.78,600
2026-03-23 09:24:57.690,20260323,92457690,000009.SZ,454480,1,0,9.78,600
2026-03-23 09:24:57.900,20260323,92457900,000009.SZ,455013,2,0,8.73,3800
2026-03-23 09:24:58.360,20260323,92458360,000009.SZ,456870,2,0,8.78,100
2026-03-23 09:24:58.460,20260323,92458460,000009.SZ,457585,1,0,9.77,2000
2026-03-23 09:24:58.470,20260323,92458470,000009.SZ,457732,2,0,8.84,800
2026-03-23 09:24:58.670,20260323,92458670,000009.SZ,458694,1,0,9.78,600
2026-03-23 09:24:58.860,20260323,92458860,000009.SZ,459602,2,0,8.65,600
2026-03-23 09:24:58.900,20260323,92458900,000009.SZ,459780,1,0,9.77,4400
2026-03-23 09:24:59.030,20260323,92459030,000009.SZ,460532,2,0,8.64,200
2026-03-23 09:24:59.130,20260323,92459130,000009.SZ,461292,1,0,9.78,600
2026-03-23 09:24:59.300,20260323,92459300,000009.SZ,462209,1,0,9.78,600
2026-03-23 09:24:59.520,20260323,92459520,000009.SZ,463697,2,0,8.74,200
2026-03-23 09:24:59.670,20260323,92459670,000009.SZ,465063,2,0,8.74,10900
2026-03-23 09:24:59.700,20260323,92459700,000009.SZ,465368,2,0,8.73,2500
2026-03-23 09:24:59.700,20260323,92459700,000009.SZ,465464,2,0,8.74,2100
2026-03-23 09:24:59.710,20260323,92459710,000009.SZ,465559,2,0,8.74,1200
2026-03-23 09:24:59.720,20260323,92459720,000009.SZ,465758,2,0,8.74,1600
2026-03-23 09:24:59.740,20260323,92459740,000009.SZ,466013,2,0,8.74,2600
2026-03-23 09:24:59.750,20260323,92459750,000009.SZ,466089,2,0,8.74,2200
2026-03-23 09:24:59.800,20260323,92459800,000009.SZ,466656,2,0,8.74,11900
2026-03-23 09:24:59.910,20260323,92459910,000009.SZ,467517,2,0,8.74,48000
2026-03-23 09:24:59.970,20260323,92459970,000009.SZ,468497,2,0,8.74,6100
2026-03-23 09:24:59.980,20260323,92459980,000009.SZ,469086,2,0,8.76,400
2026-03-23 09:30:00.000,20260323,93000000,000009.SZ,582948,2,0,8.79,1600
2026-03-23 09:30:00.000,20260323,93000000,000009.SZ,582957,2,0,8.79,2000
2026-03-23 09:30:00.030,20260323,93000030,000009.SZ,585098,2,0,8.79,5000
2026-03-23 09:30:00.030,20260323,93000030,000009.SZ,586275,1,0,8.82,500
2026-03-23 09:30:00.030,20260323,93000030,000009.SZ,586724,1,0,8.83,1900
2026-03-23 09:30:00.030,20260323,93000030,000009.SZ,587231,2,0,8.81,200
2026-03-23 09:30:00.030,20260323,93000030,000009.SZ,587573,2,0,8.8,600
2026-03-23 09:30:00.030,20260323,93000030,000009.SZ,588277,2,0,8.77,1500
2026-03-23 09:30:00.030,20260323,93000030,000009.SZ,590037,1,0,8.95,600
2026-03-23 09:30:00.030,20260323,93000030,000009.SZ,590930,2,0,8.64,500
2026-03-23 09:30:00.030,20260323,93000030,000009.SZ,591230,1,0,8.7,500
2026-03-23 09:30:00.030,20260323,93000030,000009.SZ,592070,1,0,8.0,700
2026-03-23 09:30:00.040,20260323,93000040,000009.SZ,592318,2,0,8.82,300
2026-03-23 09:30:00.040,20260323,93000040,000009.SZ,594219,1,0,8.6,800
2026-03-23 09:30:00.040,20260323,93000040,000009.SZ,596373,2,0,8.8,12700
2026-03-23 09:30:00.040,20260323,93000040,000009.SZ,597016,2,0,8.92,100
2026-03-23 09:30:00.040,20260323,93000040,000009.SZ,597404,2,0,9.52,1800
2026-03-23 09:30:00.040,20260323,93000040,000009.SZ,597580,1,0,8.82,1600
2026-03-23 09:30:00.040,20260323,93000040,000009.SZ,597925,1,0,8.46,8800
2026-03-23 09:30:00.040,20260323,93000040,000009.SZ,597939,2,0,8.79,1200
2026-03-23 09:30:00.040,20260323,93000040,000009.SZ,598459,1,0,8.83,1200
2026-03-23 09:30:00.040,20260323,93000040,000009.SZ,598610,2,0,9.72,3400
2026-03-23 09:30:00.050,20260323,93000050,000009.SZ,601041,1,0,8.91,200
2026-03-23 09:30:00.050,20260323,93000050,000009.SZ,601700,1,0,8.84,100
2026-03-23 09:30:00.050,20260323,93000050,000009.SZ,602426,2,0,8.79,900
2026-03-23 09:30:00.050,20260323,93000050,000009.SZ,603354,2,0,9.3,200
2026-03-23 09:30:00.050,20260323,93000050,000009.SZ,603357,1,0,8.8,1000
2026-03-23 09:30:00.050,20260323,93000050,000009.SZ,603967,2,0,8.81,1000
2026-03-23 09:30:00.050,20260323,93000050,000009.SZ,604329,1,0,8.82,300
2026-03-23 09:30:00.050,20260323,93000050,000009.SZ,604940,2,0,9.6,200
2026-03-23 09:30:00.060,20260323,93000060,000009.SZ,605729,2,0,8.79,3700
2026-03-23 09:30:00.060,20260323,93000060,000009.SZ,605834,2,0,8.93,1600
2026-03-23 09:30:00.060,20260323,93000060,000009.SZ,606393,2,0,8.82,13000
2026-03-23 09:30:00.060,20260323,93000060,000009.SZ,606422,2,0,8.79,1800
2026-03-23 09:30:00.060,20260323,93000060,000009.SZ,607379,2,0,8.64,200
2026-03-23 09:30:00.060,20260323,93000060,000009.SZ,607786,2,0,8.81,6000
2026-03-23 09:30:00.060,20260323,93000060,000009.SZ,609564,1,0,8.82,100
2026-03-23 09:30:00.060,20260323,93000060,000009.SZ,610886,2,0,8.79,5000
2026-03-23 09:30:00.070,20260323,93000070,000009.SZ,612835,2,0,9.1,200
2026-03-23 09:30:00.070,20260323,93000070,000009.SZ,613702,1,0,8.82,600
2026-03-23 09:30:00.070,20260323,93000070,000009.SZ,613816,2,0,8.81,9500
2026-03-23 09:30:00.070,20260323,93000070,000009.SZ,615260,2,0,8.79,100
2026-03-23 09:30:00.070,20260323,93000070,000009.SZ,615656,2,0,9.58,4000
2026-03-23 09:30:00.080,20260323,93000080,000009.SZ,616426,2,0,8.81,2000
2026-03-23 09:30:00.080,20260323,93000080,000009.SZ,617052,1,0,8.82,600
2026-03-23 09:30:00.080,20260323,93000080,000009.SZ,617071,1,0,8.82,300
2026-03-23 09:30:00.080,20260323,93000080,000009.SZ,617606,1,0,8.81,200
2026-03-23 09:30:00.080,20260323,93000080,000009.SZ,617757,2,0,9.2,3500
2026-03-23 09:30:00.090,20260323,93000090,000009.SZ,621976,1,0,8.68,700
2026-03-23 09:30:00.090,20260323,93000090,000009.SZ,622660,2,0,8.77,10000
2026-03-23 09:30:00.090,20260323,93000090,000009.SZ,623262,2,0,8.8,600
2026-03-23 09:30:00.090,20260323,93000090,000009.SZ,623956,2,0,8.81,36100
2026-03-23 09:30:00.090,20260323,93000090,000009.SZ,624262,1,0,8.8,100
2026-03-23 09:30:00.090,20260323,93000090,000009.SZ,624696,2,0,9.3,300
2026-03-23 09:30:00.090,20260323,93000090,000009.SZ,625212,2,0,8.82,800
2026-03-23 09:30:00.090,20260323,93000090,000009.SZ,625467,2,0,9.5,300
2026-03-23 09:30:00.100,20260323,93000100,000009.SZ,631975,1,0,8.82,300
2026-03-23 09:30:00.110,20260323,93000110,000009.SZ,634321,2,0,8.92,500
2026-03-23 09:30:00.110,20260323,93000110,000009.SZ,634613,1,0,8.65,2000
2026-03-23 09:30:00.110,20260323,93000110,000009.SZ,637646,1,0,8.75,2000
2026-03-23 09:30:00.110,20260323,93000110,000009.SZ,638407,2,0,8.95,700
2026-03-23 09:30:00.110,20260323,93000110,000009.SZ,639661,1,0,8.78,5000
2026-03-23 09:30:00.120,20260323,93000120,000009.SZ,641657,1,0,8.81,4000
2026-03-23 09:30:00.120,20260323,93000120,000009.SZ,642163,2,0,8.79,300
2026-03-23 09:30:00.120,20260323,93000120,000009.SZ,642525,2,0,8.82,100
2026-03-23 09:30:00.120,20260323,93000120,000009.SZ,642763,2,0,8.86,100
2026-03-23 09:30:00.120,20260323,93000120,000009.SZ,643525,2,0,8.94,400
2026-03-23 09:30:00.120,20260323,93000120,000009.SZ,644360,1,0,8.81,1000
2026-03-23 09:30:00.120,20260323,93000120,000009.SZ,646483,2,0,8.9,50000
2026-03-23 09:30:00.130,20260323,93000130,000009.SZ,647071,1,0,8.62,20000
2026-03-23 09:30:00.130,20260323,93000130,000009.SZ,647542,2,0,8.85,7700
2026-03-23 09:30:00.130,20260323,93000130,000009.SZ,648222,2,0,8.81,15000
2026-03-23 09:30:00.130,20260323,93000130,000009.SZ,649776,1,0,8.82,100
2026-03-23 09:30:00.130,20260323,93000130,000009.SZ,651809,2,0,8.84,5000
2026-03-23 09:30:00.140,20260323,93000140,000009.SZ,653420,1,0,8.82,500
2026-03-23 09:30:00.140,20260323,93000140,000009.SZ,654160,1,0,8.77,1000
2026-03-23 09:30:00.140,20260323,93000140,000009.SZ,655343,2,0,9.71,200
2026-03-23 09:30:00.140,20260323,93000140,000009.SZ,656271,2,0,8.81,5000
2026-03-23 09:30:00.140,20260323,93000140,000009.SZ,656353,1,0,8.82,500
2026-03-23 09:30:00.140,20260323,93000140,000009.SZ,656783,1,0,8.77,500
2026-03-23 09:30:00.150,20260323,93000150,000009.SZ,659756,1,0,8.8,9000
2026-03-23 09:30:00.160,20260323,93000160,000009.SZ,663450,1,0,8.82,300
2026-03-23 09:30:00.160,20260323,93000160,000009.SZ,664114,2,0,9.04,2500
2026-03-23 09:30:00.160,20260323,93000160,000009.SZ,665607,2,0,8.82,200
2026-03-23 09:30:00.160,20260323,93000160,000009.SZ,665986,2,0,8.81,10000
2026-03-23 09:30:00.160,20260323,93000160,000009.SZ,666417,1,0,8.58,10000
2026-03-23 09:30:00.160,20260323,93000160,000009.SZ,668264,2,0,8.81,99000
2026-03-23 09:30:00.170,20260323,93000170,000009.SZ,669498,2,0,8.81,400
2026-03-23 09:30:00.170,20260323,93000170,000009.SZ,672233,1,0,8.65,2000
2026-03-23 09:30:00.170,20260323,93000170,000009.SZ,672963,1,0,8.82,200
2026-03-23 09:30:00.180,20260323,93000180,000009.SZ,673887,2,0,8.81,6400
2026-03-23 09:30:00.180,20260323,93000180,000009.SZ,674157,2,0,8.81,1700
2026-03-23 09:30:00.180,20260323,93000180,000009.SZ,674599,1,0,8.82,2000
2026-03-23 09:30:00.180,20260323,93000180,000009.SZ,674697,2,0,8.81,2400
2026-03-23 09:30:00.180,20260323,93000180,000009.SZ,675139,2,0,8.81,100
2026-03-23 09:30:00.180,20260323,93000180,000009.SZ,675466,2,0,8.81,5400
2026-03-23 09:30:00.180,20260323,93000180,000009.SZ,675881,2,0,8.81,5800
2026-03-23 09:30:00.190,20260323,93000190,000009.SZ,678290,2,0,8.81,1000
2026-03-23 09:30:00.190,20260323,93000190,000009.SZ,678855,2,0,8.87,1000
2026-03-23 09:30:00.190,20260323,93000190,000009.SZ,678937,2,0,8.79,7300
2026-03-23 09:30:00.190,20260323,93000190,000009.SZ,679824,1,0,8.78,100
2026-03-23 09:30:00.190,20260323,93000190,000009.SZ,681133,2,0,8.87,1000
2026-03-23 09:30:00.200,20260323,93000200,000009.SZ,682111,2,0,8.96,2000
2026-03-23 09:30:00.200,20260323,93000200,000009.SZ,682286,1,0,8.82,300
2026-03-23 09:30:00.200,20260323,93000200,000009.SZ,684553,2,0,8.88,60000
2026-03-23 09:30:00.210,20260323,93000210,000009.SZ,687220,1,0,8.8,100
2026-03-23 09:30:00.210,20260323,93000210,000009.SZ,687317,1,0,8.79,100
2026-03-23 09:30:00.210,20260323,93000210,000009.SZ,687322,1,0,8.78,100
2026-03-23 09:30:00.210,20260323,93000210,000009.SZ,687454,1,0,8.75,100
2026-03-23 09:30:00.210,20260323,93000210,000009.SZ,687608,2,0,9.78,8000
2026-03-23 09:30:00.210,20260323,93000210,000009.SZ,687664,1,0,8.76,500
2026-03-23 09:30:00.210,20260323,93000210,000009.SZ,688420,2,0,8.81,600
2026-03-23 09:30:00.220,20260323,93000220,000009.SZ,691332,1,0,8.71,1000
2026-03-23 09:30:00.220,20260323,93000220,000009.SZ,691685,1,0,8.81,100
2026-03-23 09:30:00.220,20260323,93000220,000009.SZ,691689,1,0,8.0,100
2026-03-23 09:30:00.220,20260323,93000220,000009.SZ,691877,2,0,8.99,2000
2026-03-23 09:30:00.220,20260323,93000220,000009.SZ,692339,1,0,8.71,20000
2026-03-23 09:30:00.220,20260323,93000220,000009.SZ,693357,1,0,8.8,400
2026-03-23 09:30:00.230,20260323,93000230,000009.SZ,694519,2,0,8.95,600
2026-03-23 09:30:00.230,20260323,93000230,000009.SZ,695473,2,0,8.88,1700
2026-03-23 09:30:00.230,20260323,93000230,000009.SZ,695597,2,0,8.89,1700
2026-03-23 09:30:00.230,20260323,93000230,000009.SZ,695781,2,0,8.9,1700
2026-03-23 09:30:00.230,20260323,93000230,000009.SZ,696465,2,0,8.91,1700
2026-03-23 09:30:00.230,20260323,93000230,000009.SZ,696766,2,0,8.92,1700
2026-03-23 09:30:00.230,20260323,93000230,000009.SZ,696943,2,0,8.81,2500
2026-03-23 09:30:00.230,20260323,93000230,000009.SZ,697324,2,0,8.93,1700
2026-03-23 09:30:00.240,20260323,93000240,000009.SZ,697833,2,0,8.94,1700
2026-03-23 09:30:00.240,20260323,93000240,000009.SZ,698375,2,0,8.95,1700
2026-03-23 09:30:00.240,20260323,93000240,000009.SZ,698401,2,0,8.82,500
2026-03-23 09:30:00.240,20260323,93000240,000009.SZ,698679,2,0,8.96,1700
2026-03-23 09:30:00.240,20260323,93000240,000009.SZ,699291,2,0,8.8,200
2026-03-23 09:30:00.240,20260323,93000240,000009.SZ,701025,1,0,8.82,2100
2026-03-23 09:30:00.240,20260323,93000240,000009.SZ,701539,2,0,8.84,15200
2026-03-23 09:30:00.250,20260323,93000250,000009.SZ,704608,1,0,8.0,300
2026-03-23 09:30:00.260,20260323,93000260,000009.SZ,707183,1,0,8.8,2000
2026-03-23 09:30:00.260,20260323,93000260,000009.SZ,707885,2,0,8.81,12600
2026-03-23 09:30:00.260,20260323,93000260,000009.SZ,708133,2,0,8.82,400
2026-03-23 09:30:00.260,20260323,93000260,000009.SZ,708186,2,0,8.8,300
2026-03-23 09:30:00.260,20260323,93000260,000009.SZ,708578,1,0,8.82,1000
2026-03-23 09:30:00.270,20260323,93000270,000009.SZ,709879,1,0,8.75,2000
2026-03-23 09:30:00.270,20260323,93000270,000009.SZ,710729,1,0,8.51,500
2026-03-23 09:30:00.290,20260323,93000290,000009.SZ,715474,2,0,9.2,200
2026-03-23 09:30:00.290,20260323,93000290,000009.SZ,716290,1,0,8.78,300
2026-03-23 09:30:00.290,20260323,93000290,000009.SZ,717187,1,0,8.8,1000
2026-03-23 09:30:00.300,20260323,93000300,000009.SZ,717600,2,0,8.8,2100
2026-03-23 09:30:00.300,20260323,93000300,000009.SZ,717947,2,0,9.0,1000
2026-03-23 09:30:00.300,20260323,93000300,000009.SZ,718451,2,0,8.82,1200
2026-03-23 09:30:00.300,20260323,93000300,000009.SZ,718720,1,0,8.76,1000
2026-03-23 09:30:00.300,20260323,93000300,000009.SZ,718884,2,0,9.1,500
2026-03-23 09:30:00.310,20260323,93000310,000009.SZ,720399,2,0,8.79,2900
2026-03-23 09:30:00.310,20260323,93000310,000009.SZ,720922,1,0,8.66,2000
2026-03-23 09:30:00.310,20260323,93000310,000009.SZ,721142,2,0,9.35,5200
2026-03-23 09:30:00.310,20260323,93000310,000009.SZ,722003,1,0,8.82,100
2026-03-23 09:30:00.310,20260323,93000310,000009.SZ,722008,1,0,8.81,100
2026-03-23 09:30:00.310,20260323,93000310,000009.SZ,722143,2,0,8.89,7700
2026-03-23 09:30:00.310,20260323,93000310,000009.SZ,722179,1,0,8.77,100
2026-03-23 09:30:00.320,20260323,93000320,000009.SZ,723079,1,0,8.78,500
2026-03-23 09:30:00.320,20260323,93000320,000009.SZ,723131,2,0,8.82,9300
2026-03-23 09:30:00.320,20260323,93000320,000009.SZ,723298,1,0,8.76,100
2026-03-23 09:30:00.330,20260323,93000330,000009.SZ,725858,1,0,8.8,1400
2026-03-23 09:30:00.330,20260323,93000330,000009.SZ,726320,2,0,8.81,900
2026-03-23 09:30:00.330,20260323,93000330,000009.SZ,726360,1,0,8.8,500
2026-03-23 09:30:00.340,20260323,93000340,000009.SZ,726999,1,0,8.63,3000
2026-03-23 09:30:00.340,20260323,93000340,000009.SZ,727123,1,0,8.81,1000
2026-03-23 09:30:00.340,20260323,93000340,000009.SZ,727357,1,0,8.62,1000
2026-03-23 09:30:00.340,20260323,93000340,000009.SZ,728259,2,0,8.81,2000
2026-03-23 09:30:00.340,20260323,93000340,000009.SZ,729126,2,0,8.81,200
2026-03-23 09:30:00.350,20260323,93000350,000009.SZ,730535,2,0,8.81,15200
2026-03-23 09:30:00.350,20260323,93000350,000009.SZ,730587,1,0,8.67,1000
2026-03-23 09:30:00.350,20260323,93000350,000009.SZ,731001,1,0,8.82,500
2026-03-23 09:30:00.360,20260323,93000360,000009.SZ,731866,2,0,8.87,30000
2026-03-23 09:30:00.360,20260323,93000360,000009.SZ,731965,2,0,8.87,40000
2026-03-23 09:30:00.360,20260323,93000360,000009.SZ,732062,2,0,9.65,6000
2026-03-23 09:30:00.360,20260323,93000360,000009.SZ,732455,1,0,8.78,1000
2026-03-23 09:30:00.360,20260323,93000360,000009.SZ,732586,1,0,8.82,3000
2026-03-23 09:30:00.370,20260323,93000370,000009.SZ,734427,1,0,8.82,1000
2026-03-23 09:30:00.370,20260323,93000370,000009.SZ,735331,1,0,8.81,2000
2026-03-23 09:30:00.370,20260323,93000370,000009.SZ,735558,1,0,8.74,500
2026-03-23 09:30:00.380,20260323,93000380,000009.SZ,736229,2,0,8.82,700
2026-03-23 09:30:00.380,20260323,93000380,000009.SZ,736249,2,0,8.82,100
2026-03-23 09:30:00.380,20260323,93000380,000009.SZ,736253,2,0,8.82,100
2026-03-23 09:30:00.380,20260323,93000380,000009.SZ,736314,2,0,8.82,100
2026-03-23 09:30:00.380,20260323,93000380,000009.SZ,737528,2,0,8.96,100
2026-03-23 09:30:00.380,20260323,93000380,000009.SZ,737660,2,0,8.81,12700
2026-03-23 09:30:00.380,20260323,93000380,000009.SZ,737675,2,0,8.81,200
2026-03-23 09:30:00.390,20260323,93000390,000009.SZ,739371,2,0,9.14,21600
2026-03-23 09:30:00.400,20260323,93000400,000009.SZ,740766,2,0,9.25,800
2026-03-23 09:30:00.400,20260323,93000400,000009.SZ,742397,2,0,9.78,200
2026-03-23 09:30:00.410,20260323,93000410,000009.SZ,742542,2,0,8.81,500
2026-03-23 09:30:00.410,20260323,93000410,000009.SZ,743248,1,0,8.81,500
2026-03-23 09:30:00.410,20260323,93000410,000009.SZ,743896,2,0,8.81,6300
2026-03-23 09:30:00.410,20260323,93000410,000009.SZ,743970,2,0,8.82,800
2026-03-23 09:30:00.410,20260323,93000410,000009.SZ,744308,1,0,8.76,300
2026-03-23 09:30:00.420,20260323,93000420,000009.SZ,745203,2,0,8.81,3200
2026-03-23 09:30:00.420,20260323,93000420,000009.SZ,745529,2,0,8.81,100
2026-03-23 09:30:00.420,20260323,93000420,000009.SZ,745600,2,0,8.81,100
2026-03-23 09:30:00.430,20260323,93000430,000009.SZ,747413,2,0,8.8,2000
2026-03-23 09:30:00.430,20260323,93000430,000009.SZ,747475,2,0,8.81,1600
2026-03-23 09:30:00.440,20260323,93000440,000009.SZ,749098,2,0,9.16,200
2026-03-23 09:30:00.450,20260323,93000450,000009.SZ,750447,2,0,8.81,300
2026-03-23 09:30:00.450,20260323,93000450,000009.SZ,750930,2,0,8.8,100
2026-03-23 09:30:00.450,20260323,93000450,000009.SZ,750936,2,0,8.8,100
2026-03-23 09:30:00.450,20260323,93000450,000009.SZ,750938,2,0,8.81,17800
2026-03-23 09:30:00.450,20260323,93000450,000009.SZ,750939,2,0,8.81,11500
2026-03-23 09:30:00.450,20260323,93000450,000009.SZ,750940,2,0,8.81,100
2026-03-23 09:30:00.450,20260323,93000450,000009.SZ,750947,2,0,8.81,16800
2026-03-23 09:30:00.450,20260323,93000450,000009.SZ,750948,2,0,8.79,100
2026-03-23 09:30:00.450,20260323,93000450,000009.SZ,750950,2,0,8.81,1800
2026-03-23 09:30:00.450,20260323,93000450,000009.SZ,750957,2,0,8.81,100
2026-03-23 09:30:00.450,20260323,93000450,000009.SZ,750962,2,0,8.81,13700
2026-03-23 09:30:00.450,20260323,93000450,000009.SZ,750963,2,0,8.8,6400
2026-03-23 09:30:00.450,20260323,93000450,000009.SZ,750971,2,0,8.79,2600
2026-03-23 09:30:00.450,20260323,93000450,000009.SZ,750976,2,0,8.79,4000
2026-03-23 09:30:00.450,20260323,93000450,000009.SZ,750984,2,0,8.81,100
2026-03-23 09:30:00.450,20260323,93000450,000009.SZ,750993,2,0,8.81,1900
2026-03-23 09:30:00.450,20260323,93000450,000009.SZ,751008,2,0,8.79,1600
2026-03-23 09:30:00.450,20260323,93000450,000009.SZ,751041,2,0,8.81,4600
2026-03-23 09:30:00.450,20260323,93000450,000009.SZ,751043,2,0,8.81,100
2026-03-23 09:30:00.450,20260323,93000450,000009.SZ,751044,2,0,8.81,1800
2026-03-23 09:30:00.450,20260323,93000450,000009.SZ,751049,2,0,8.81,10400
2026-03-23 09:30:00.450,20260323,93000450,000009.SZ,751054,2,0,8.81,100
2026-03-23 09:30:00.450,20260323,93000450,000009.SZ,751056,2,0,8.81,900
2026-03-23 09:30:00.450,20260323,93000450,000009.SZ,751061,2,0,8.81,1200
2026-03-23 09:30:00.450,20260323,93000450,000009.SZ,751062,2,0,8.81,2900
2026-03-23 09:30:00.450,20260323,93000450,000009.SZ,751066,2,0,8.81,900
2026-03-23 09:30:00.450,20260323,93000450,000009.SZ,751069,2,0,8.81,3800
2026-03-23 09:30:00.450,20260323,93000450,000009.SZ,751070,2,0,8.81,800
2026-03-23 09:30:00.450,20260323,93000450,000009.SZ,751073,2,0,8.81,5200
2026-03-23 09:30:00.450,20260323,93000450,000009.SZ,751075,2,0,8.81,1000
2026-03-23 09:30:00.450,20260323,93000450,000009.SZ,751076,2,0,8.81,1500
2026-03-23 09:30:00.450,20260323,93000450,000009.SZ,751077,2,0,8.81,1500
2026-03-23 09:30:00.450,20260323,93000450,000009.SZ,751078,2,0,8.81,5600
2026-03-23 09:30:00.450,20260323,93000450,000009.SZ,751084,2,0,8.81,4500
2026-03-23 09:30:00.450,20260323,93000450,000009.SZ,751085,2,0,8.81,1900
2026-03-23 09:30:00.450,20260323,93000450,000009.SZ,751088,2,0,8.81,1900
2026-03-23 09:30:00.450,20260323,93000450,000009.SZ,751105,2,0,8.81,4700
2026-03-23 09:30:00.450,20260323,93000450,000009.SZ,751291,2,0,8.81,1300
2026-03-23 09:30:00.450,20260323,93000450,000009.SZ,751330,2,0,8.81,1900
2026-03-23 09:30:00.450,20260323,93000450,000009.SZ,751331,2,0,8.81,800
2026-03-23 09:30:00.450,20260323,93000450,000009.SZ,751335,2,0,8.81,1100
2026-03-23 09:30:00.450,20260323,93000450,000009.SZ,751338,2,0,8.81,3400
2026-03-23 09:30:00.450,20260323,93000450,000009.SZ,751339,2,0,8.81,400
2026-03-23 09:30:00.450,20260323,93000450,000009.SZ,751342,2,0,8.81,18500
2026-03-23 09:30:00.450,20260323,93000450,000009.SZ,751346,2,0,8.81,900
2026-03-23 09:30:00.450,20260323,93000450,000009.SZ,751357,2,0,8.81,1100
2026-03-23 09:30:00.450,20260323,93000450,000009.SZ,751363,2,0,8.82,25700
2026-03-23 09:30:00.450,20260323,93000450,000009.SZ,751388,2,0,8.81,600
2026-03-23 09:30:00.450,20260323,93000450,000009.SZ,751414,2,0,8.81,2100
2026-03-23 09:30:00.450,20260323,93000450,000009.SZ,751416,2,0,8.81,3000
2026-03-23 09:30:00.450,20260323,93000450,000009.SZ,751493,2,0,8.81,700
2026-03-23 09:30:00.450,20260323,93000450,000009.SZ,751522,2,0,8.81,2000
2026-03-23 09:30:00.450,20260323,93000450,000009.SZ,751523,2,0,8.81,2300
2026-03-23 09:30:00.450,20260323,93000450,000009.SZ,751622,2,0,8.81,1500
2026-03-23 09:30:00.450,20260323,93000450,000009.SZ,751623,2,0,8.81,1100
2026-03-23 09:30:00.450,20260323,93000450,000009.SZ,751624,2,0,8.81,1100
2026-03-23 09:30:00.450,20260323,93000450,000009.SZ,751651,2,0,8.81,600
2026-03-23 09:30:00.450,20260323,93000450,000009.SZ,751652,2,0,8.81,900
2026-03-23 09:30:00.450,20260323,93000450,000009.SZ,751657,2,0,8.81,1400
2026-03-23 09:30:00.450,20260323,93000450,000009.SZ,751669,2,0,8.81,2400
2026-03-23 09:30:00.450,20260323,93000450,000009.SZ,751674,2,0,8.81,1000
2026-03-23 09:30:00.450,20260323,93000450,000009.SZ,751751,2,0,8.81,2600
2026-03-23 09:30:00.450,20260323,93000450,000009.SZ,751868,2,0,8.81,100
2026-03-23 09:30:00.450,20260323,93000450,000009.SZ,752056,2,0,8.81,500
2026-03-23 09:30:00.450,20260323,93000450,000009.SZ,752061,2,0,8.81,300
2026-03-23 09:30:00.450,20260323,93000450,000009.SZ,752062,2,0,8.81,1800
2026-03-23 09:30:00.450,20260323,93000450,000009.SZ,752064,2,0,8.81,1800
2026-03-23 09:30:00.450,20260323,93000450,000009.SZ,752065,2,0,8.81,1800
2026-03-23 09:30:00.450,20260323,93000450,000009.SZ,752071,2,0,8.81,3800
2026-03-23 09:30:00.450,20260323,93000450,000009.SZ,752095,2,0,8.81,1200
2026-03-23 09:30:00.450,20260323,93000450,000009.SZ,752103,2,0,8.81,5500
2026-03-23 09:30:00.450,20260323,93000450,000009.SZ,752104,2,0,8.81,700
2026-03-23 09:30:00.450,20260323,93000450,000009.SZ,752108,2,0,8.81,500
2026-03-23 09:30:00.450,20260323,93000450,000009.SZ,752121,2,0,8.81,2000
2026-03-23 09:30:00.460,20260323,93000460,000009.SZ,752424,2,0,8.81,100
2026-03-23 09:30:00.460,20260323,93000460,000009.SZ,752429,2,0,8.81,400
2026-03-23 09:30:00.460,20260323,93000460,000009.SZ,752665,2,0,8.81,4600
2026-03-23 09:30:00.460,20260323,93000460,000009.SZ,752671,2,0,8.81,4900
2026-03-23 09:30:00.460,20260323,93000460,000009.SZ,752672,2,0,8.81,3600
2026-03-23 09:30:00.460,20260323,93000460,000009.SZ,752673,2,0,8.81,3300
2026-03-23 09:30:00.460,20260323,93000460,000009.SZ,752674,2,0,8.81,5600
2026-03-23 09:30:00.460,20260323,93000460,000009.SZ,752691,2,0,8.81,5500
2026-03-23 09:30:00.460,20260323,93000460,000009.SZ,752692,2,0,8.81,4600
2026-03-23 09:30:00.460,20260323,93000460,000009.SZ,752693,2,0,8.81,4100
2026-03-23 09:30:00.460,20260323,93000460,000009.SZ,753889,2,0,8.81,500
2026-03-23 09:30:00.460,20260323,93000460,000009.SZ,754352,2,0,8.81,200
2026-03-23 09:30:00.460,20260323,93000460,000009.SZ,754354,2,0,8.81,4200
2026-03-23 09:30:00.460,20260323,93000460,000009.SZ,754355,2,0,8.81,5900
2026-03-23 09:30:00.460,20260323,93000460,000009.SZ,754381,1,0,8.82,500
2026-03-23 09:30:00.460,20260323,93000460,000009.SZ,755083,2,0,8.81,100
2026-03-23 09:30:00.470,20260323,93000470,000009.SZ,755524,2,0,8.82,2200
2026-03-23 09:30:00.470,20260323,93000470,000009.SZ,756213,2,0,8.81,2300
2026-03-23 09:30:00.470,20260323,93000470,000009.SZ,756891,2,0,8.81,7300
2026-03-23 09:30:00.470,20260323,93000470,000009.SZ,757053,2,0,8.81,5900
2026-03-23 09:30:00.480,20260323,93000480,000009.SZ,757660,2,0,8.81,1800
2026-03-23 09:30:00.480,20260323,93000480,000009.SZ,757719,2,0,8.81,3800
2026-03-23 09:30:00.480,20260323,93000480,000009.SZ,757720,2,0,8.81,1400
2026-03-23 09:30:00.480,20260323,93000480,000009.SZ,758746,1,0,8.61,400
2026-03-23 09:30:00.480,20260323,93000480,000009.SZ,759175,2,0,8.81,100
2026-03-23 09:30:00.480,20260323,93000480,000009.SZ,759650,2,0,8.81,4100
2026-03-23 09:30:00.480,20260323,93000480,000009.SZ,759651,2,0,8.81,3000
2026-03-23 09:30:00.480,20260323,93000480,000009.SZ,759670,2,0,8.81,3600
2026-03-23 09:30:00.480,20260323,93000480,000009.SZ,759703,2,0,8.81,5400
2026-03-23 09:30:00.480,20260323,93000480,000009.SZ,759708,2,0,8.81,5200
2026-03-23 09:30:00.480,20260323,93000480,000009.SZ,759752,2,0,8.81,6600
2026-03-23 09:30:00.490,20260323,93000490,000009.SZ,760660,2,0,9.7,500
2026-03-23 09:30:00.490,20260323,93000490,000009.SZ,761744,2,0,8.81,3400
2026-03-23 09:30:00.490,20260323,93000490,000009.SZ,761764,2,0,8.81,1000
2026-03-23 09:30:00.490,20260323,93000490,000009.SZ,761834,2,0,8.81,3500
2026-03-23 09:30:00.490,20260323,93000490,000009.SZ,761989,2,0,8.81,700
2026-03-23 09:30:00.490,20260323,93000490,000009.SZ,761994,2,0,8.81,400
2026-03-23 09:30:00.500,20260323,93000500,000009.SZ,763441,2,0,8.81,400
2026-03-23 09:30:00.510,20260323,93000510,000009.SZ,764033,1,0,8.73,5000
2026-03-23 09:30:00.510,20260323,93000510,000009.SZ,764458,2,0,8.81,800
2026-03-23 09:30:00.510,20260323,93000510,000009.SZ,764575,2,1,0.0,500
2026-03-23 09:30:00.510,20260323,93000510,000009.SZ,764733,2,1,0.0,500
2026-03-23 09:30:00.510,20260323,93000510,000009.SZ,764813,2,1,0.0,400
2026-03-23 09:30:00.510,20260323,93000510,000009.SZ,764879,1,0,8.83,2200
2026-03-23 09:30:00.510,20260323,93000510,000009.SZ,765273,2,0,9.1,600
2026-03-23 09:30:00.510,20260323,93000510,000009.SZ,765286,2,1,0.0,1800
2026-03-23 09:30:00.510,20260323,93000510,000009.SZ,765319,2,1,0.0,600
2026-03-23 09:30:00.510,20260323,93000510,000009.SZ,765710,2,0,8.8,200
2026-03-23 09:30:00.510,20260323,93000510,000009.SZ,765729,2,0,9.27,1700
2026-03-23 09:30:00.520,20260323,93000520,000009.SZ,766889,1,0,8.66,3000
2026-03-23 09:30:00.520,20260323,93000520,000009.SZ,767166,2,0,8.85,12600
2026-03-23 09:30:00.530,20260323,93000530,000009.SZ,767685,2,0,8.81,2500
2026-03-23 09:30:00.530,20260323,93000530,000009.SZ,767850,1,0,8.82,200
2026-03-23 09:30:00.530,20260323,93000530,000009.SZ,768383,1,0,8.77,4000
2026-03-23 09:30:00.530,20260323,93000530,000009.SZ,768823,2,0,8.97,1700
2026-03-23 09:30:00.540,20260323,93000540,000009.SZ,769359,1,0,8.82,500
2026-03-23 09:30:00.540,20260323,93000540,000009.SZ,769380,2,0,8.98,1700
2026-03-23 09:30:00.540,20260323,93000540,000009.SZ,769401,2,0,8.99,1700
2026-03-23 09:30:00.540,20260323,93000540,000009.SZ,769464,2,0,9.0,1700
2026-03-23 09:30:00.540,20260323,93000540,000009.SZ,769505,2,0,9.01,1700
2026-03-23 09:30:00.540,20260323,93000540,000009.SZ,769523,2,0,9.02,1700
2026-03-23 09:30:00.540,20260323,93000540,000009.SZ,769566,2,0,8.81,100
2026-03-23 09:30:00.540,20260323,93000540,000009.SZ,769722,2,0,9.03,1700
2026-03-23 09:30:00.550,20260323,93000550,000009.SZ,771462,2,0,8.82,600
2026-03-23 09:30:00.550,20260323,93000550,000009.SZ,772574,2,0,9.6,100
2026-03-23 09:30:00.560,20260323,93000560,000009.SZ,773735,1,0,8.82,2000
2026-03-23 09:30:00.560,20260323,93000560,000009.SZ,773843,2,0,8.8,500
2026-03-23 09:30:00.560,20260323,93000560,000009.SZ,774419,1,0,8.75,1500
2026-03-23 09:30:00.570,20260323,93000570,000009.SZ,775274,2,0,9.77,3000
2026-03-23 09:30:00.580,20260323,93000580,000009.SZ,777266,1,0,8.8,300
2026-03-23 09:30:00.580,20260323,93000580,000009.SZ,777667,1,0,8.75,100
2026-03-23 09:30:00.590,20260323,93000590,000009.SZ,779386,2,0,8.81,13600
2026-03-23 09:30:00.590,20260323,93000590,000009.SZ,779401,1,0,8.75,1500
2026-03-23 09:30:00.590,20260323,93000590,000009.SZ,779861,2,0,8.81,500
2026-03-23 09:30:00.600,20260323,93000600,000009.SZ,781139,1,0,8.82,1400
2026-03-23 09:30:00.610,20260323,93000610,000009.SZ,782530,2,0,8.81,300
2026-03-23 09:30:00.620,20260323,93000620,000009.SZ,784150,2,0,8.81,61700
2026-03-23 09:30:00.620,20260323,93000620,000009.SZ,785100,1,0,8.78,600
2026-03-23 09:30:00.620,20260323,93000620,000009.SZ,785196,2,0,8.8,1400
2026-03-23 09:30:00.640,20260323,93000640,000009.SZ,787480,1,0,8.75,1000
2026-03-23 09:30:00.640,20260323,93000640,000009.SZ,787522,1,0,8.7,200
2026-03-23 09:30:00.670,20260323,93000670,000009.SZ,792777,1,0,8.73,500
2026-03-23 09:30:00.670,20260323,93000670,000009.SZ,793522,2,0,8.87,70000
2026-03-23 09:30:00.680,20260323,93000680,000009.SZ,795349,2,0,8.8,1000
2026-03-23 09:30:00.690,20260323,93000690,000009.SZ,796833,2,0,8.81,500
2026-03-23 09:30:00.700,20260323,93000700,000009.SZ,798186,1,0,8.82,3100
2026-03-23 09:30:00.700,20260323,93000700,000009.SZ,798395,1,0,8.83,10000
2026-03-23 09:30:00.700,20260323,93000700,000009.SZ,799135,1,0,8.33,1000
2026-03-23 09:30:00.700,20260323,93000700,000009.SZ,799296,1,0,8.82,5700
2026-03-23 09:30:00.700,20260323,93000700,000009.SZ,799374,2,0,8.87,30000
2026-03-23 09:30:00.710,20260323,93000710,000009.SZ,800524,1,0,8.81,5700
2026-03-23 09:30:00.710,20260323,93000710,000009.SZ,800706,2,0,8.78,2000
2026-03-23 09:30:00.730,20260323,93000730,000009.SZ,803454,2,0,8.99,1000
2026-03-23 09:30:00.730,20260323,93000730,000009.SZ,804468,2,1,0.0,500
2026-03-23 09:30:00.750,20260323,93000750,000009.SZ,806351,2,0,9.15,4800
2026-03-23 09:30:00.750,20260323,93000750,000009.SZ,806479,2,0,8.7,1200
2026-03-23 09:30:00.750,20260323,93000750,000009.SZ,806787,2,0,9.0,500
2026-03-23 09:30:00.750,20260323,93000750,000009.SZ,807397,2,1,0.0,600
2026-03-23 09:30:00.760,20260323,93000760,000009.SZ,809216,2,0,9.78,200
2026-03-23 09:30:00.780,20260323,93000780,000009.SZ,812028,1,0,8.82,1000
2026-03-23 09:30:00.790,20260323,93000790,000009.SZ,813895,1,0,8.75,10000
2026-03-23 09:30:00.800,20260323,93000800,000009.SZ,814823,1,0,8.81,200
2026-03-23 09:30:00.800,20260323,93000800,000009.SZ,814825,1,0,8.69,4600
2026-03-23 09:30:00.810,20260323,93000810,000009.SZ,816225,2,0,8.81,3500
2026-03-23 09:30:00.810,20260323,93000810,000009.SZ,816242,2,0,8.81,300
2026-03-23 09:30:00.810,20260323,93000810,000009.SZ,816338,2,0,8.76,1100
2026-03-23 09:30:00.830,20260323,93000830,000009.SZ,818440,1,0,8.81,1100
2026-03-23 09:30:00.830,20260323,93000830,000009.SZ,819806,1,0,8.75,200
2026-03-23 09:30:00.840,20260323,93000840,000009.SZ,820751,1,0,8.6,500
2026-03-23 09:30:00.860,20260323,93000860,000009.SZ,824491,1,0,8.7,700
2026-03-23 09:30:00.860,20260323,93000860,000009.SZ,825039,1,0,8.8,4000
2026-03-23 09:30:00.870,20260323,93000870,000009.SZ,826252,2,0,9.78,300
2026-03-23 09:30:00.870,20260323,93000870,000009.SZ,826272,2,0,9.19,200
2026-03-23 09:30:00.870,20260323,93000870,000009.SZ,826310,2,0,9.28,200
2026-03-23 09:30:00.870,20260323,93000870,000009.SZ,826499,2,0,8.81,100
2026-03-23 09:30:00.880,20260323,93000880,000009.SZ,827590,1,0,8.82,200
2026-03-23 09:30:00.890,20260323,93000890,000009.SZ,828882,1,0,8.6,7000
2026-03-23 09:30:00.900,20260323,93000900,000009.SZ,830044,1,0,8.0,500
2026-03-23 09:30:00.900,20260323,93000900,000009.SZ,830106,1,0,8.71,10000
2026-03-23 09:30:00.900,20260323,93000900,000009.SZ,830484,2,0,9.13,2200
2026-03-23 09:30:00.910,20260323,93000910,000009.SZ,831895,2,0,8.86,200
2026-03-23 09:30:00.910,20260323,93000910,000009.SZ,832237,1,0,8.75,3000
2026-03-23 09:30:00.920,20260323,93000920,000009.SZ,833246,1,0,8.01,2500
2026-03-23 09:30:00.920,20260323,93000920,000009.SZ,833652,1,0,8.75,26300
2026-03-23 09:30:00.960,20260323,93000960,000009.SZ,839708,2,0,8.77,2400
2026-03-23 09:30:00.970,20260323,93000970,000009.SZ,840294,2,0,9.07,2300
2026-03-23 09:30:00.970,20260323,93000970,000009.SZ,840304,2,0,9.12,2000
2026-03-23 09:30:00.970,20260323,93000970,000009.SZ,840488,2,0,9.17,4000
2026-03-23 09:30:00.970,20260323,93000970,000009.SZ,840625,2,0,8.96,3000
2026-03-23 09:30:00.970,20260323,93000970,000009.SZ,840688,1,0,8.81,2200
2026-03-23 09:30:00.970,20260323,93000970,000009.SZ,840748,1,0,8.82,400
2026-03-23 09:30:00.980,20260323,93000980,000009.SZ,841447,2,1,0.0,600
2026-03-23 09:30:00.980,20260323,93000980,000009.SZ,841790,2,0,8.81,1100
2026-03-23 09:30:00.980,20260323,93000980,000009.SZ,842123,1,0,8.68,3000
2026-03-23 09:30:00.980,20260323,93000980,000009.SZ,842189,1,0,8.8,200
2026-03-23 09:30:00.980,20260323,93000980,000009.SZ,842201,2,0,8.81,400
2026-03-23 09:30:00.990,20260323,93000990,000009.SZ,843435,2,0,9.46,300
2026-03-23 09:30:01.000,20260323,93001000,000009.SZ,844652,1,0,8.71,400
2026-03-23 09:30:01.000,20260323,93001000,000009.SZ,844883,1,0,8.82,500
2026-03-23 09:30:01.010,20260323,93001010,000009.SZ,846688,2,0,9.78,1000
2026-03-23 09:30:01.010,20260323,93001010,000009.SZ,847327,2,0,8.85,1000
2026-03-23 09:30:01.020,20260323,93001020,000009.SZ,848829,2,0,8.81,700
2026-03-23 09:30:01.030,20260323,93001030,000009.SZ,849618,1,0,8.75,600
2026-03-23 09:30:01.040,20260323,93001040,000009.SZ,851019,2,0,9.51,1000
2026-03-23 09:30:01.040,20260323,93001040,000009.SZ,851140,1,0,8.81,1200
2026-03-23 09:30:01.040,20260323,93001040,000009.SZ,851849,2,0,8.86,7600
2026-03-23 09:30:01.040,20260323,93001040,000009.SZ,851882,1,0,8.8,400
2026-03-23 09:30:01.050,20260323,93001050,000009.SZ,853335,2,0,8.81,100
2026-03-23 09:30:01.060,20260323,93001060,000009.SZ,855486,1,0,8.81,10000
2026-03-23 09:30:01.070,20260323,93001070,000009.SZ,857584,2,0,8.8,900
2026-03-23 09:30:01.070,20260323,93001070,000009.SZ,857724,1,0,8.82,500
2026-03-23 09:30:01.090,20260323,93001090,000009.SZ,859043,2,0,9.1,3000
2026-03-23 09:30:01.090,20260323,93001090,000009.SZ,859524,2,0,9.6,500
2026-03-23 09:30:01.100,20260323,93001100,000009.SZ,860565,2,0,9.78,500
2026-03-23 09:30:01.100,20260323,93001100,000009.SZ,860566,1,0,8.81,1000
2026-03-23 09:30:01.110,20260323,93001110,000009.SZ,862715,2,1,0.0,700
2026-03-23 09:30:01.120,20260323,93001120,000009.SZ,862965,2,0,8.81,1200
2026-03-23 09:30:01.120,20260323,93001120,000009.SZ,863409,2,0,9.46,200
2026-03-23 09:30:01.140,20260323,93001140,000009.SZ,865319,2,0,8.85,1000
2026-03-23 09:30:01.150,20260323,93001150,000009.SZ,865934,2,0,8.81,300
2026-03-23 09:30:01.150,20260323,93001150,000009.SZ,866299,1,0,8.81,500
2026-03-23 09:30:01.160,20260323,93001160,000009.SZ,867920,1,0,8.81,800
2026-03-23 09:30:01.170,20260323,93001170,000009.SZ,868424,2,1,0.0,300
2026-03-23 09:30:01.170,20260323,93001170,000009.SZ,868678,2,0,8.81,400
2026-03-23 09:30:01.180,20260323,93001180,000009.SZ,869198,2,1,0.0,900
2026-03-23 09:30:01.180,20260323,93001180,000009.SZ,869392,2,0,8.81,400
2026-03-23 09:30:01.210,20260323,93001210,000009.SZ,872525,2,0,8.81,200
2026-03-23 09:30:01.210,20260323,93001210,000009.SZ,872717,2,0,8.98,1500
2026-03-23 09:30:01.210,20260323,93001210,000009.SZ,872815,1,0,8.82,400
2026-03-23 09:30:01.210,20260323,93001210,000009.SZ,873120,1,0,8.76,200
2026-03-23 09:30:01.220,20260323,93001220,000009.SZ,873393,1,0,8.8,1000
2026-03-23 09:30:01.220,20260323,93001220,000009.SZ,873696,2,0,9.02,200
2026-03-23 09:30:01.220,20260323,93001220,000009.SZ,873735,1,0,8.29,200
2026-03-23 09:30:01.220,20260323,93001220,000009.SZ,873790,1,0,8.81,100
2026-03-23 09:30:01.230,20260323,93001230,000009.SZ,874743,2,0,8.81,100
2026-03-23 09:30:01.240,20260323,93001240,000009.SZ,875488,1,0,8.3,500
2026-03-23 09:30:01.250,20260323,93001250,000009.SZ,876362,2,0,8.8,5700
2026-03-23 09:30:01.250,20260323,93001250,000009.SZ,876675,1,0,8.0,1000
2026-03-23 09:30:01.260,20260323,93001260,000009.SZ,877573,2,0,8.81,200
2026-03-23 09:30:01.270,20260323,93001270,000009.SZ,878587,2,0,8.81,700
2026-03-23 09:30:01.270,20260323,93001270,000009.SZ,878643,2,0,8.81,600
2026-03-23 09:30:01.280,20260323,93001280,000009.SZ,878866,1,0,8.38,200
2026-03-23 09:30:01.280,20260323,93001280,000009.SZ,879035,2,0,8.81,200
2026-03-23 09:30:01.280,20260323,93001280,000009.SZ,879557,1,0,8.9,300
2026-03-23 09:30:01.280,20260323,93001280,000009.SZ,879662,1,0,8.31,1500
2026-03-23 09:30:01.290,20260323,93001290,000009.SZ,880048,2,0,8.87,1000
2026-03-23 09:30:01.310,20260323,93001310,000009.SZ,882546,1,0,8.8,500
2026-03-23 09:30:01.330,20260323,93001330,000009.SZ,884232,1,0,8.8,500
2026-03-23 09:30:01.350,20260323,93001350,000009.SZ,886056,2,0,8.9,200
2026-03-23 09:30:01.350,20260323,93001350,000009.SZ,886073,1,0,8.76,200
2026-03-23 09:30:01.350,20260323,93001350,000009.SZ,886194,1,0,8.81,500
2026-03-23 09:30:01.360,20260323,93001360,000009.SZ,886628,2,0,9.01,1000
2026-03-23 09:30:01.360,20260323,93001360,000009.SZ,887206,1,0,8.81,2500
2026-03-23 09:30:01.380,20260323,93001380,000009.SZ,888620,2,0,8.81,4000
2026-03-23 09:30:01.380,20260323,93001380,000009.SZ,888828,2,0,8.81,700
2026-03-23 09:30:01.380,20260323,93001380,000009.SZ,888829,2,0,8.81,1500
2026-03-23 09:30:01.390,20260323,93001390,000009.SZ,890132,1,0,8.82,1200
2026-03-23 09:30:01.390,20260323,93001390,000009.SZ,890274,2,0,8.81,700
2026-03-23 09:30:01.400,20260323,93001400,000009.SZ,890916,2,0,8.82,400
2026-03-23 09:30:01.400,20260323,93001400,000009.SZ,890938,2,0,8.82,400
2026-03-23 09:30:01.400,20260323,93001400,000009.SZ,891518,2,0,8.81,400
2026-03-23 09:30:01.400,20260323,93001400,000009.SZ,891742,1,0,8.81,800
2026-03-23 09:30:01.410,20260323,93001410,000009.SZ,892373,1,0,8.8,2000
2026-03-23 09:30:01.410,20260323,93001410,000009.SZ,892505,2,0,8.81,1100
2026-03-23 09:30:01.410,20260323,93001410,000009.SZ,892633,2,0,8.81,100
2026-03-23 09:30:01.420,20260323,93001420,000009.SZ,892894,2,0,8.82,1100
2026-03-23 09:30:01.430,20260323,93001430,000009.SZ,893849,2,0,8.81,300
2026-03-23 09:30:01.470,20260323,93001470,000009.SZ,898294,1,0,8.01,500
2026-03-23 09:30:01.490,20260323,93001490,000009.SZ,899938,1,0,8.81,700
2026-03-23 09:30:01.490,20260323,93001490,000009.SZ,900496,1,0,8.75,3200
2026-03-23 09:30:01.500,20260323,93001500,000009.SZ,901085,2,1,0.0,500
2026-03-23 09:30:01.500,20260323,93001500,000009.SZ,901653,2,0,9.19,6000
2026-03-23 09:30:01.520,20260323,93001520,000009.SZ,903299,2,0,9.78,5000
2026-03-23 09:30:01.530,20260323,93001530,000009.SZ,904195,2,0,8.81,1400
2026-03-23 09:30:01.540,20260323,93001540,000009.SZ,904687,2,0,8.81,300
2026-03-23 09:30:01.560,20260323,93001560,000009.SZ,906874,2,0,8.82,400
2026-03-23 09:30:01.560,20260323,93001560,000009.SZ,906876,2,0,8.82,400
2026-03-23 09:30:01.560,20260323,93001560,000009.SZ,906998,1,0,8.81,500
2026-03-23 09:30:01.580,20260323,93001580,000009.SZ,909331,2,0,8.81,100
2026-03-23 09:30:01.600,20260323,93001600,000009.SZ,911960,2,0,8.81,200
2026-03-23 09:30:01.600,20260323,93001600,000009.SZ,912050,2,0,8.81,100
2026-03-23 09:30:01.620,20260323,93001620,000009.SZ,913989,2,0,9.13,2800
