timestamp,date,stamp,code,order_no,bs_flag,order_type,order_price,order_volume
2026-04-08 09:15:00.030,20260408,91500030,000009.SZ,979,2,0,9.35,100
2026-04-08 09:15:00.040,20260408,91500040,000009.SZ,1293,2,0,9.35,1200
2026-04-08 09:15:00.040,20260408,91500040,000009.SZ,2293,2,0,8.6,22200
2026-04-08 09:15:00.040,20260408,91500040,000009.SZ,2763,1,0,8.3,100
2026-04-08 09:15:00.040,20260408,91500040,000009.SZ,3271,2,0,9.35,35000
2026-04-08 09:15:00.040,20260408,91500040,000009.SZ,3433,2,0,8.77,2000
2026-04-08 09:15:00.050,20260408,91500050,000009.SZ,4593,1,0,7.75,100
2026-04-08 09:15:00.050,20260408,91500050,000009.SZ,4738,1,0,8.33,2000
2026-04-08 09:15:00.050,20260408,91500050,000009.SZ,4840,2,0,8.97,3000
2026-04-08 09:15:00.050,20260408,91500050,000009.SZ,4992,2,0,9.35,100
2026-04-08 09:15:00.050,20260408,91500050,000009.SZ,5901,1,0,8.25,100
2026-04-08 09:15:00.050,20260408,91500050,000009.SZ,5902,1,0,8.4,100
2026-04-08 09:15:00.050,20260408,91500050,000009.SZ,5986,2,0,8.63,500
2026-04-08 09:15:00.050,20260408,91500050,000009.SZ,6543,1,0,8.15,100
2026-04-08 09:15:00.050,20260408,91500050,000009.SZ,6778,2,0,9.25,100
2026-04-08 09:15:00.050,20260408,91500050,000009.SZ,6936,1,0,8.25,100
2026-04-08 09:15:00.050,20260408,91500050,000009.SZ,7578,2,0,9.35,300
2026-04-08 09:15:00.050,20260408,91500050,000009.SZ,7796,2,0,9.1,5000
2026-04-08 09:15:00.050,20260408,91500050,000009.SZ,8368,2,0,8.68,700
2026-04-08 09:15:00.060,20260408,91500060,000009.SZ,9053,2,0,9.35,3000
2026-04-08 09:15:00.060,20260408,91500060,000009.SZ,9682,1,0,8.08,700
2026-04-08 09:15:00.060,20260408,91500060,000009.SZ,9873,1,0,8.38,1200
2026-04-08 09:15:00.060,20260408,91500060,000009.SZ,12153,2,0,9.35,31000
2026-04-08 09:15:00.060,20260408,91500060,000009.SZ,12262,2,0,9.35,28000
2026-04-08 09:15:00.060,20260408,91500060,000009.SZ,13064,2,0,8.49,100
2026-04-08 09:15:00.070,20260408,91500070,000009.SZ,13381,2,0,9.0,500
2026-04-08 09:15:00.070,20260408,91500070,000009.SZ,13382,2,0,9.2,600
2026-04-08 09:15:00.070,20260408,91500070,000009.SZ,15028,2,0,8.85,5000
2026-04-08 09:15:00.070,20260408,91500070,000009.SZ,16236,2,0,8.98,600
2026-04-08 09:15:00.070,20260408,91500070,000009.SZ,16299,2,0,9.35,20000
2026-04-08 09:15:00.080,20260408,91500080,000009.SZ,17257,2,0,9.35,500
2026-04-08 09:15:00.080,20260408,91500080,000009.SZ,17266,2,0,8.75,1000
2026-04-08 09:15:00.080,20260408,91500080,000009.SZ,17404,2,0,8.88,6600
2026-04-08 09:15:00.080,20260408,91500080,000009.SZ,18684,2,0,8.78,1000
2026-04-08 09:15:00.080,20260408,91500080,000009.SZ,20102,2,0,9.34,4500
2026-04-08 09:15:00.080,20260408,91500080,000009.SZ,20209,2,0,9.35,10000
2026-04-08 09:15:00.080,20260408,91500080,000009.SZ,20407,1,0,7.7,700
2026-04-08 09:15:00.080,20260408,91500080,000009.SZ,20416,1,0,8.4,1000
2026-04-08 09:15:00.080,20260408,91500080,000009.SZ,20443,2,0,9.35,200
2026-04-08 09:15:00.080,20260408,91500080,000009.SZ,20446,2,0,9.29,100
2026-04-08 09:15:00.080,20260408,91500080,000009.SZ,20689,2,0,9.19,100
2026-04-08 09:15:00.090,20260408,91500090,000009.SZ,20738,2,0,8.99,1000
2026-04-08 09:15:00.090,20260408,91500090,000009.SZ,20766,2,0,9.09,100
2026-04-08 09:15:00.090,20260408,91500090,000009.SZ,20979,2,0,9.2,6000
2026-04-08 09:15:00.090,20260408,91500090,000009.SZ,20980,2,0,9.29,6000
2026-04-08 09:15:00.090,20260408,91500090,000009.SZ,22617,2,0,9.2,500
2026-04-08 09:15:00.090,20260408,91500090,000009.SZ,22778,1,0,8.3,200
2026-04-08 09:15:00.090,20260408,91500090,000009.SZ,22883,2,0,9.35,1900
2026-04-08 09:15:00.090,20260408,91500090,000009.SZ,22989,2,0,9.35,5000
2026-04-08 09:15:00.090,20260408,91500090,000009.SZ,23165,2,0,9.35,400
2026-04-08 09:15:00.090,20260408,91500090,000009.SZ,23184,2,0,8.97,400
2026-04-08 09:15:00.090,20260408,91500090,000009.SZ,23191,2,0,9.32,400
2026-04-08 09:15:00.090,20260408,91500090,000009.SZ,24002,1,0,8.18,200
2026-04-08 09:15:00.100,20260408,91500100,000009.SZ,24439,1,0,8.18,300
2026-04-08 09:15:00.100,20260408,91500100,000009.SZ,25481,2,0,9.35,2000
2026-04-08 09:15:00.100,20260408,91500100,000009.SZ,26358,2,0,8.77,2200
2026-04-08 09:15:00.110,20260408,91500110,000009.SZ,27671,2,0,9.25,900
2026-04-08 09:15:00.110,20260408,91500110,000009.SZ,27673,2,0,9.35,900
2026-04-08 09:15:00.110,20260408,91500110,000009.SZ,27888,2,0,9.35,5000
2026-04-08 09:15:00.110,20260408,91500110,000009.SZ,28447,2,0,9.21,3000
2026-04-08 09:15:00.110,20260408,91500110,000009.SZ,29042,1,0,8.3,100
2026-04-08 09:15:00.110,20260408,91500110,000009.SZ,29044,1,0,7.9,100
2026-04-08 09:15:00.110,20260408,91500110,000009.SZ,29167,1,0,8.21,400
2026-04-08 09:15:00.110,20260408,91500110,000009.SZ,29169,2,0,8.67,2500
2026-04-08 09:15:00.110,20260408,91500110,000009.SZ,29243,2,0,9.33,600
2026-04-08 09:15:00.110,20260408,91500110,000009.SZ,29572,2,0,9.0,7500
2026-04-08 09:15:00.110,20260408,91500110,000009.SZ,30628,2,0,9.35,500
2026-04-08 09:15:00.120,20260408,91500120,000009.SZ,30795,2,0,9.34,100
2026-04-08 09:15:00.120,20260408,91500120,000009.SZ,31441,2,0,9.35,600
2026-04-08 09:15:00.120,20260408,91500120,000009.SZ,31443,2,0,9.35,400
2026-04-08 09:15:00.120,20260408,91500120,000009.SZ,31599,2,0,9.35,300
2026-04-08 09:15:00.120,20260408,91500120,000009.SZ,31798,1,0,8.41,200
2026-04-08 09:15:00.120,20260408,91500120,000009.SZ,32541,2,0,9.35,6000
2026-04-08 09:15:00.120,20260408,91500120,000009.SZ,32543,1,0,8.4,2000
2026-04-08 09:15:00.120,20260408,91500120,000009.SZ,32650,1,0,8.0,2000
2026-04-08 09:15:00.120,20260408,91500120,000009.SZ,32655,1,0,8.4,2000
2026-04-08 09:15:00.120,20260408,91500120,000009.SZ,32656,1,0,8.0,2000
2026-04-08 09:15:00.120,20260408,91500120,000009.SZ,32657,2,0,9.35,6000
2026-04-08 09:15:00.120,20260408,91500120,000009.SZ,32658,2,0,9.35,10000
2026-04-08 09:15:00.120,20260408,91500120,000009.SZ,32666,1,0,8.4,2000
2026-04-08 09:15:00.120,20260408,91500120,000009.SZ,32667,1,0,8.0,2000
2026-04-08 09:15:00.120,20260408,91500120,000009.SZ,32668,2,0,9.35,20000
2026-04-08 09:15:00.120,20260408,91500120,000009.SZ,32679,2,0,9.35,10000
2026-04-08 09:15:00.120,20260408,91500120,000009.SZ,33255,1,0,7.89,100
2026-04-08 09:15:00.120,20260408,91500120,000009.SZ,34240,2,0,8.64,1200
2026-04-08 09:15:00.130,20260408,91500130,000009.SZ,34545,2,0,9.35,500
2026-04-08 09:15:00.130,20260408,91500130,000009.SZ,35380,2,0,9.35,600
2026-04-08 09:15:00.130,20260408,91500130,000009.SZ,35507,2,0,8.61,5000
2026-04-08 09:15:00.130,20260408,91500130,000009.SZ,36025,2,0,8.67,200
2026-04-08 09:15:00.130,20260408,91500130,000009.SZ,36026,2,0,8.84,200
2026-04-08 09:15:00.130,20260408,91500130,000009.SZ,36027,2,0,9.01,200
2026-04-08 09:15:00.130,20260408,91500130,000009.SZ,36028,2,0,9.18,200
2026-04-08 09:15:00.130,20260408,91500130,000009.SZ,36029,2,0,9.35,200
2026-04-08 09:15:00.130,20260408,91500130,000009.SZ,36443,2,0,8.69,700
2026-04-08 09:15:00.140,20260408,91500140,000009.SZ,38736,2,0,9.35,1200
2026-04-08 09:15:00.140,20260408,91500140,000009.SZ,38991,2,0,9.35,200
2026-04-08 09:15:00.140,20260408,91500140,000009.SZ,39976,2,0,9.29,800
2026-04-08 09:15:00.140,20260408,91500140,000009.SZ,40174,2,0,8.95,1000
2026-04-08 09:15:00.140,20260408,91500140,000009.SZ,40523,2,0,9.35,1500
2026-04-08 09:15:00.150,20260408,91500150,000009.SZ,41781,1,0,8.33,3000
2026-04-08 09:15:00.150,20260408,91500150,000009.SZ,43462,1,0,8.31,5000
2026-04-08 09:15:00.150,20260408,91500150,000009.SZ,43463,1,0,8.21,5000
2026-04-08 09:15:00.150,20260408,91500150,000009.SZ,43476,1,0,8.41,3400
2026-04-08 09:15:00.150,20260408,91500150,000009.SZ,44142,2,0,8.58,34500
2026-04-08 09:15:00.160,20260408,91500160,000009.SZ,45477,2,0,8.91,500
2026-04-08 09:15:00.160,20260408,91500160,000009.SZ,45729,2,0,9.2,1100
2026-04-08 09:15:00.160,20260408,91500160,000009.SZ,45817,1,0,8.58,5000
2026-04-08 09:15:00.160,20260408,91500160,000009.SZ,46134,2,0,9.35,2000
2026-04-08 09:15:00.160,20260408,91500160,000009.SZ,46136,2,0,8.98,600
2026-04-08 09:15:00.160,20260408,91500160,000009.SZ,46138,2,0,9.18,1000
2026-04-08 09:15:00.160,20260408,91500160,000009.SZ,46312,1,0,7.65,100
2026-04-08 09:15:00.160,20260408,91500160,000009.SZ,46313,1,0,8.0,100
2026-04-08 09:15:00.160,20260408,91500160,000009.SZ,47418,1,0,8.45,500
2026-04-08 09:15:00.170,20260408,91500170,000009.SZ,47510,1,0,8.36,300
2026-04-08 09:15:00.170,20260408,91500170,000009.SZ,47512,1,0,8.43,300
2026-04-08 09:15:00.170,20260408,91500170,000009.SZ,47670,1,0,7.65,5000
2026-04-08 09:15:00.170,20260408,91500170,000009.SZ,49103,1,0,8.08,1000
2026-04-08 09:15:00.170,20260408,91500170,000009.SZ,49141,1,0,7.97,1000
2026-04-08 09:15:00.180,20260408,91500180,000009.SZ,50862,2,0,9.35,1000
2026-04-08 09:15:00.180,20260408,91500180,000009.SZ,51737,2,0,9.35,5000
2026-04-08 09:15:00.180,20260408,91500180,000009.SZ,51899,1,0,8.35,400
2026-04-08 09:15:00.180,20260408,91500180,000009.SZ,52175,1,0,8.43,400
2026-04-08 09:15:00.180,20260408,91500180,000009.SZ,52428,1,0,7.86,500
2026-04-08 09:15:00.190,20260408,91500190,000009.SZ,55247,2,0,9.34,1000
2026-04-08 09:15:00.190,20260408,91500190,000009.SZ,55418,2,0,8.99,2400
2026-04-08 09:15:00.190,20260408,91500190,000009.SZ,56715,2,0,9.08,1000
2026-04-08 09:15:00.200,20260408,91500200,000009.SZ,58845,2,0,9.35,200
2026-04-08 09:15:00.200,20260408,91500200,000009.SZ,59078,2,0,9.35,500
2026-04-08 09:15:00.210,20260408,91500210,000009.SZ,59757,1,0,8.0,200
2026-04-08 09:15:00.210,20260408,91500210,000009.SZ,60143,2,0,9.12,1500
2026-04-08 09:15:00.210,20260408,91500210,000009.SZ,60351,1,0,8.46,100
2026-04-08 09:15:00.210,20260408,91500210,000009.SZ,61274,1,0,8.02,400
2026-04-08 09:15:00.210,20260408,91500210,000009.SZ,61423,2,0,8.59,3000
2026-04-08 09:15:00.220,20260408,91500220,000009.SZ,62099,1,0,8.36,300
2026-04-08 09:15:00.220,20260408,91500220,000009.SZ,62570,1,0,7.7,2000
2026-04-08 09:15:00.220,20260408,91500220,000009.SZ,62906,1,0,8.42,600
2026-04-08 09:15:00.230,20260408,91500230,000009.SZ,64732,2,0,9.35,700
2026-04-08 09:15:00.230,20260408,91500230,000009.SZ,66146,1,0,8.4,2000
2026-04-08 09:15:00.230,20260408,91500230,000009.SZ,66159,2,0,8.93,5000
2026-04-08 09:15:00.240,20260408,91500240,000009.SZ,66643,1,0,7.65,200
2026-04-08 09:15:00.240,20260408,91500240,000009.SZ,67362,2,0,9.33,500
2026-04-08 09:15:00.240,20260408,91500240,000009.SZ,67515,1,0,8.5,1000
2026-04-08 09:15:00.240,20260408,91500240,000009.SZ,67909,2,0,8.85,1400
2026-04-08 09:15:00.240,20260408,91500240,000009.SZ,68331,2,0,8.74,700
2026-04-08 09:15:00.240,20260408,91500240,000009.SZ,68332,2,0,9.19,1000
2026-04-08 09:15:00.250,20260408,91500250,000009.SZ,68889,1,0,8.5,1500
2026-04-08 09:15:00.250,20260408,91500250,000009.SZ,68898,1,0,8.95,100
2026-04-08 09:15:00.250,20260408,91500250,000009.SZ,69734,1,0,8.47,100
2026-04-08 09:15:00.250,20260408,91500250,000009.SZ,70264,1,0,8.38,1000
2026-04-08 09:15:00.260,20260408,91500260,000009.SZ,71186,2,0,8.72,200
2026-04-08 09:15:00.260,20260408,91500260,000009.SZ,71187,1,0,8.25,100
2026-04-08 09:15:00.260,20260408,91500260,000009.SZ,71910,1,0,8.41,100
2026-04-08 09:15:00.270,20260408,91500270,000009.SZ,72295,2,0,8.6,500
2026-04-08 09:15:00.280,20260408,91500280,000009.SZ,74285,1,0,8.4,4900
2026-04-08 09:15:00.280,20260408,91500280,000009.SZ,75065,2,0,9.33,1200
2026-04-08 09:15:00.290,20260408,91500290,000009.SZ,75751,2,0,9.04,1000
2026-04-08 09:15:00.290,20260408,91500290,000009.SZ,75752,2,0,9.34,1000
2026-04-08 09:15:00.300,20260408,91500300,000009.SZ,76647,2,0,8.88,1100
2026-04-08 09:15:00.300,20260408,91500300,000009.SZ,76907,1,0,8.38,2000
2026-04-08 09:15:00.300,20260408,91500300,000009.SZ,76968,2,0,9.35,10000
2026-04-08 09:15:00.300,20260408,91500300,000009.SZ,76972,2,0,9.35,10000
2026-04-08 09:15:00.310,20260408,91500310,000009.SZ,77750,1,0,8.4,100
2026-04-08 09:15:00.310,20260408,91500310,000009.SZ,78265,1,0,7.8,400
2026-04-08 09:15:00.310,20260408,91500310,000009.SZ,78684,2,0,9.0,500
2026-04-08 09:15:00.320,20260408,91500320,000009.SZ,78798,2,0,9.28,300
2026-04-08 09:15:00.340,20260408,91500340,000009.SZ,82115,1,0,8.0,100
2026-04-08 09:15:00.350,20260408,91500350,000009.SZ,83180,2,0,9.33,1800
2026-04-08 09:15:00.350,20260408,91500350,000009.SZ,83194,2,0,8.89,1000
2026-04-08 09:15:00.360,20260408,91500360,000009.SZ,83471,1,0,8.45,100
2026-04-08 09:15:00.370,20260408,91500370,000009.SZ,85423,2,0,8.65,1000
2026-04-08 09:15:00.380,20260408,91500380,000009.SZ,85787,1,0,8.0,2500
2026-04-08 09:15:00.390,20260408,91500390,000009.SZ,86664,2,0,8.9,300
2026-04-08 09:15:00.400,20260408,91500400,000009.SZ,87756,1,0,8.42,100
2026-04-08 09:15:00.400,20260408,91500400,000009.SZ,87757,1,0,8.38,100
2026-04-08 09:15:00.400,20260408,91500400,000009.SZ,87758,1,0,8.3,100
2026-04-08 09:15:00.400,20260408,91500400,000009.SZ,87820,2,0,9.35,1000
2026-04-08 09:15:00.410,20260408,91500410,000009.SZ,88748,1,0,8.08,700
2026-04-08 09:15:00.410,20260408,91500410,000009.SZ,88778,2,0,9.33,300
2026-04-08 09:15:00.410,20260408,91500410,000009.SZ,88816,1,0,8.45,1300
2026-04-08 09:15:00.410,20260408,91500410,000009.SZ,88827,2,0,8.92,100
2026-04-08 09:15:00.410,20260408,91500410,000009.SZ,88828,2,0,9.34,100
2026-04-08 09:15:00.420,20260408,91500420,000009.SZ,89728,1,0,8.37,500
2026-04-08 09:15:00.420,20260408,91500420,000009.SZ,90090,2,0,8.76,600
2026-04-08 09:15:00.420,20260408,91500420,000009.SZ,90502,2,0,9.3,600
2026-04-08 09:15:00.420,20260408,91500420,000009.SZ,90581,2,0,8.78,5000
2026-04-08 09:15:00.430,20260408,91500430,000009.SZ,91595,2,0,8.9,1000
2026-04-08 09:15:00.440,20260408,91500440,000009.SZ,92330,2,0,8.98,600
2026-04-08 09:15:00.450,20260408,91500450,000009.SZ,92649,1,0,8.3,300
2026-04-08 09:15:00.450,20260408,91500450,000009.SZ,92695,2,0,9.34,20500
2026-04-08 09:15:00.460,20260408,91500460,000009.SZ,94008,1,0,8.6,10000
2026-04-08 09:15:00.470,20260408,91500470,000009.SZ,94486,2,0,8.8,10000
2026-04-08 09:15:00.480,20260408,91500480,000009.SZ,95829,1,0,8.33,100
2026-04-08 09:15:00.490,20260408,91500490,000009.SZ,96091,1,0,8.5,100
2026-04-08 09:15:00.490,20260408,91500490,000009.SZ,96478,1,0,7.65,1000
2026-04-08 09:15:00.500,20260408,91500500,000009.SZ,96716,2,0,9.35,71200
2026-04-08 09:15:00.500,20260408,91500500,000009.SZ,96850,2,0,9.35,41700
2026-04-08 09:15:00.510,20260408,91500510,000009.SZ,97844,2,0,8.83,2000
2026-04-08 09:15:00.510,20260408,91500510,000009.SZ,97845,2,0,8.93,3000
2026-04-08 09:15:00.520,20260408,91500520,000009.SZ,98520,1,0,8.4,1000
2026-04-08 09:15:00.520,20260408,91500520,000009.SZ,98572,2,0,9.35,300
2026-04-08 09:15:00.520,20260408,91500520,000009.SZ,98866,2,0,9.35,47700
2026-04-08 09:15:00.540,20260408,91500540,000009.SZ,100115,2,0,9.0,400
2026-04-08 09:15:00.540,20260408,91500540,000009.SZ,100271,1,0,8.01,1300
2026-04-08 09:15:00.570,20260408,91500570,000009.SZ,102672,1,0,8.46,500
2026-04-08 09:15:00.590,20260408,91500590,000009.SZ,104610,1,0,8.08,700
2026-04-08 09:15:00.590,20260408,91500590,000009.SZ,104614,2,0,9.33,1000
2026-04-08 09:15:00.590,20260408,91500590,000009.SZ,104724,2,0,9.33,500
2026-04-08 09:15:00.590,20260408,91500590,000009.SZ,104737,1,0,7.96,3000
2026-04-08 09:15:00.590,20260408,91500590,000009.SZ,105174,1,0,8.2,1600
2026-04-08 09:15:00.600,20260408,91500600,000009.SZ,105492,2,0,8.88,5000
2026-04-08 09:15:00.600,20260408,91500600,000009.SZ,105493,2,0,8.98,5000
2026-04-08 09:15:00.600,20260408,91500600,000009.SZ,105495,2,0,9.08,5000
2026-04-08 09:15:00.600,20260408,91500600,000009.SZ,105496,2,0,9.18,5000
2026-04-08 09:15:00.600,20260408,91500600,000009.SZ,105785,2,0,8.74,2500
2026-04-08 09:15:00.600,20260408,91500600,000009.SZ,105788,1,0,8.15,100
2026-04-08 09:15:00.610,20260408,91500610,000009.SZ,106491,2,0,9.32,300
2026-04-08 09:15:00.610,20260408,91500610,000009.SZ,106544,2,0,9.15,300
2026-04-08 09:15:00.610,20260408,91500610,000009.SZ,106748,1,0,8.37,500
2026-04-08 09:15:00.620,20260408,91500620,000009.SZ,107179,2,0,8.97,3000
2026-04-08 09:15:00.620,20260408,91500620,000009.SZ,107563,2,0,9.02,1100
2026-04-08 09:15:00.630,20260408,91500630,000009.SZ,108169,2,0,9.35,3400
2026-04-08 09:15:00.630,20260408,91500630,000009.SZ,108480,1,0,7.8,200
2026-04-08 09:15:00.640,20260408,91500640,000009.SZ,109104,2,0,8.97,300
2026-04-08 09:15:00.640,20260408,91500640,000009.SZ,109109,2,0,9.34,2000
2026-04-08 09:15:00.650,20260408,91500650,000009.SZ,109270,2,0,8.75,2500
2026-04-08 09:15:00.650,20260408,91500650,000009.SZ,109271,2,0,8.73,2500
2026-04-08 09:15:00.650,20260408,91500650,000009.SZ,109782,1,0,8.23,500
2026-04-08 09:15:00.650,20260408,91500650,000009.SZ,109786,2,0,9.13,500
2026-04-08 09:15:00.650,20260408,91500650,000009.SZ,109883,2,0,9.3,1200
2026-04-08 09:15:00.690,20260408,91500690,000009.SZ,112193,1,0,8.1,2000
2026-04-08 09:15:00.690,20260408,91500690,000009.SZ,112572,2,0,8.67,2000
2026-04-08 09:15:00.690,20260408,91500690,000009.SZ,112789,2,0,9.35,500
2026-04-08 09:15:00.700,20260408,91500700,000009.SZ,113027,2,0,9.06,1400
2026-04-08 09:15:00.700,20260408,91500700,000009.SZ,113163,2,0,8.87,4000
2026-04-08 09:15:00.710,20260408,91500710,000009.SZ,113775,1,0,8.48,200
2026-04-08 09:15:00.710,20260408,91500710,000009.SZ,113846,2,0,9.35,7000
2026-04-08 09:15:00.720,20260408,91500720,000009.SZ,114278,2,0,9.35,100
2026-04-08 09:15:00.720,20260408,91500720,000009.SZ,114283,2,0,9.17,100
2026-04-08 09:15:00.730,20260408,91500730,000009.SZ,114841,2,0,8.78,1000
2026-04-08 09:15:00.810,20260408,91500810,000009.SZ,119408,2,0,9.35,1000
2026-04-08 09:15:00.810,20260408,91500810,000009.SZ,119481,2,0,9.35,600
2026-04-08 09:15:00.810,20260408,91500810,000009.SZ,119502,2,0,9.33,500
2026-04-08 09:15:00.820,20260408,91500820,000009.SZ,120340,2,0,8.84,1700
2026-04-08 09:15:00.820,20260408,91500820,000009.SZ,120341,2,0,8.98,1700
2026-04-08 09:15:00.820,20260408,91500820,000009.SZ,120342,2,0,9.11,1700
2026-04-08 09:15:00.820,20260408,91500820,000009.SZ,120343,2,0,9.23,1700
2026-04-08 09:15:00.820,20260408,91500820,000009.SZ,120344,2,0,9.35,1700
2026-04-08 09:15:00.850,20260408,91500850,000009.SZ,121655,1,0,8.08,400
2026-04-08 09:15:00.860,20260408,91500860,000009.SZ,122506,2,0,8.96,600
2026-04-08 09:15:00.860,20260408,91500860,000009.SZ,122566,1,0,8.5,4800
2026-04-08 09:15:00.860,20260408,91500860,000009.SZ,122641,2,0,8.94,1400
2026-04-08 09:15:00.860,20260408,91500860,000009.SZ,122643,2,0,9.17,1300
2026-04-08 09:15:00.860,20260408,91500860,000009.SZ,122821,2,0,8.88,600
2026-04-08 09:15:00.870,20260408,91500870,000009.SZ,123312,2,0,9.35,5000
2026-04-08 09:15:00.870,20260408,91500870,000009.SZ,123396,2,0,9.3,1000
2026-04-08 09:15:00.880,20260408,91500880,000009.SZ,123656,2,0,9.0,600
2026-04-08 09:15:00.880,20260408,91500880,000009.SZ,123778,1,0,8.5,1200
2026-04-08 09:15:00.900,20260408,91500900,000009.SZ,125892,2,0,9.18,500
2026-04-08 09:15:00.910,20260408,91500910,000009.SZ,126674,2,0,9.35,100
2026-04-08 09:15:00.920,20260408,91500920,000009.SZ,126764,1,0,8.3,500
2026-04-08 09:15:00.920,20260408,91500920,000009.SZ,127045,2,0,8.8,1000
2026-04-08 09:15:00.920,20260408,91500920,000009.SZ,127046,2,0,9.0,1000
2026-04-08 09:15:00.920,20260408,91500920,000009.SZ,127057,2,0,9.2,1600
2026-04-08 09:15:00.920,20260408,91500920,000009.SZ,127325,2,0,8.89,1000
2026-04-08 09:15:00.950,20260408,91500950,000009.SZ,129371,1,0,8.18,500
2026-04-08 09:15:00.950,20260408,91500950,000009.SZ,129386,2,0,9.29,500
2026-04-08 09:15:00.970,20260408,91500970,000009.SZ,130935,2,0,8.99,200
2026-04-08 09:15:00.990,20260408,91500990,000009.SZ,131882,2,0,9.3,4500
2026-04-08 09:15:00.990,20260408,91500990,000009.SZ,132123,1,0,7.82,5000
2026-04-08 09:15:01.000,20260408,91501000,000009.SZ,132623,2,0,9.08,500
2026-04-08 09:15:01.020,20260408,91501020,000009.SZ,133723,1,0,8.34,100
2026-04-08 09:15:01.030,20260408,91501030,000009.SZ,134199,2,0,8.8,5900
2026-04-08 09:15:01.030,20260408,91501030,000009.SZ,134200,2,0,9.1,5600
2026-04-08 09:15:01.030,20260408,91501030,000009.SZ,134316,2,0,9.35,2000
2026-04-08 09:15:01.040,20260408,91501040,000009.SZ,134922,1,0,7.93,2000
2026-04-08 09:15:01.040,20260408,91501040,000009.SZ,134951,2,0,8.93,3000
2026-04-08 09:15:01.070,20260408,91501070,000009.SZ,137221,2,0,8.95,7000
2026-04-08 09:15:01.070,20260408,91501070,000009.SZ,137317,2,0,9.31,20000
2026-04-08 09:15:01.090,20260408,91501090,000009.SZ,138034,2,0,9.35,1000
2026-04-08 09:15:01.090,20260408,91501090,000009.SZ,138394,1,0,8.45,20000
2026-04-08 09:15:01.100,20260408,91501100,000009.SZ,138861,2,0,9.3,800
2026-04-08 09:15:01.110,20260408,91501110,000009.SZ,138906,2,0,9.3,400
2026-04-08 09:15:01.150,20260408,91501150,000009.SZ,141224,2,0,9.0,500
2026-04-08 09:15:01.170,20260408,91501170,000009.SZ,143199,2,0,9.3,2300
2026-04-08 09:15:01.180,20260408,91501180,000009.SZ,144090,2,0,9.14,200
2026-04-08 09:15:01.180,20260408,91501180,000009.SZ,144098,2,0,9.34,3000
2026-04-08 09:15:01.200,20260408,91501200,000009.SZ,145316,1,0,8.42,600
2026-04-08 09:15:01.200,20260408,91501200,000009.SZ,145328,1,0,8.45,600
2026-04-08 09:15:01.250,20260408,91501250,000009.SZ,148231,2,0,9.34,700
2026-04-08 09:15:01.250,20260408,91501250,000009.SZ,148259,1,0,8.39,800
2026-04-08 09:15:01.280,20260408,91501280,000009.SZ,149228,1,0,8.3,100
2026-04-08 09:15:01.310,20260408,91501310,000009.SZ,151222,2,0,9.29,100
2026-04-08 09:15:01.380,20260408,91501380,000009.SZ,153637,2,0,9.35,9600
2026-04-08 09:15:01.380,20260408,91501380,000009.SZ,153638,1,0,7.65,2000
2026-04-08 09:15:01.400,20260408,91501400,000009.SZ,154699,2,0,9.28,200
2026-04-08 09:15:01.400,20260408,91501400,000009.SZ,154786,1,0,8.02,800
2026-04-08 09:15:01.400,20260408,91501400,000009.SZ,154802,1,0,7.72,800
2026-04-08 09:15:01.410,20260408,91501410,000009.SZ,155201,2,0,9.13,6500
2026-04-08 09:15:01.450,20260408,91501450,000009.SZ,156620,1,0,7.9,100
2026-04-08 09:15:01.450,20260408,91501450,000009.SZ,156660,2,0,8.8,5300
2026-04-08 09:15:01.450,20260408,91501450,000009.SZ,156675,1,0,8.5,12000
2026-04-08 09:15:01.480,20260408,91501480,000009.SZ,157693,1,0,8.25,100
2026-04-08 09:15:01.480,20260408,91501480,000009.SZ,157694,2,0,8.75,100
2026-04-08 09:15:01.480,20260408,91501480,000009.SZ,157695,2,0,9.0,100
2026-04-08 09:15:01.480,20260408,91501480,000009.SZ,157831,1,0,8.4,100
2026-04-08 09:15:01.560,20260408,91501560,000009.SZ,160518,1,0,8.37,2500
2026-04-08 09:15:01.570,20260408,91501570,000009.SZ,160844,1,0,8.3,100
2026-04-08 09:15:01.630,20260408,91501630,000009.SZ,163258,2,0,9.35,200
2026-04-08 09:15:01.660,20260408,91501660,000009.SZ,164358,2,0,9.35,1000
2026-04-08 09:15:01.690,20260408,91501690,000009.SZ,165961,2,0,8.98,1000
2026-04-08 09:15:01.710,20260408,91501710,000009.SZ,166446,1,0,7.65,2000
2026-04-08 09:15:01.720,20260408,91501720,000009.SZ,166990,2,0,9.35,2500
2026-04-08 09:15:01.770,20260408,91501770,000009.SZ,168897,2,0,8.99,400
2026-04-08 09:15:01.800,20260408,91501800,000009.SZ,169551,1,0,8.48,400
2026-04-08 09:15:01.820,20260408,91501820,000009.SZ,170380,2,0,9.33,8000
2026-04-08 09:15:01.830,20260408,91501830,000009.SZ,170717,2,0,9.15,4500
2026-04-08 09:15:01.840,20260408,91501840,000009.SZ,171015,1,0,8.4,100
2026-04-08 09:15:01.850,20260408,91501850,000009.SZ,171433,2,0,8.9,20000
2026-04-08 09:15:01.850,20260408,91501850,000009.SZ,171492,2,0,8.7,600
2026-04-08 09:15:01.850,20260408,91501850,000009.SZ,171497,2,0,8.8,600
2026-04-08 09:15:01.850,20260408,91501850,000009.SZ,171499,1,0,8.4,500
2026-04-08 09:15:01.850,20260408,91501850,000009.SZ,171522,1,0,8.3,500
2026-04-08 09:15:01.850,20260408,91501850,000009.SZ,171560,2,0,9.35,180000
2026-04-08 09:15:01.870,20260408,91501870,000009.SZ,172145,1,0,8.5,100
2026-04-08 09:15:01.870,20260408,91501870,000009.SZ,172206,2,0,9.05,1000
2026-04-08 09:15:01.880,20260408,91501880,000009.SZ,173028,2,0,8.9,1400
2026-04-08 09:15:01.890,20260408,91501890,000009.SZ,173379,2,0,8.7,1500
2026-04-08 09:15:01.890,20260408,91501890,000009.SZ,173391,2,0,8.8,1500
2026-04-08 09:15:01.930,20260408,91501930,000009.SZ,175253,2,0,8.9,800
2026-04-08 09:15:01.950,20260408,91501950,000009.SZ,175965,2,0,8.78,4000
2026-04-08 09:15:01.970,20260408,91501970,000009.SZ,176948,2,0,9.19,106
2026-04-08 09:15:01.970,20260408,91501970,000009.SZ,176950,1,0,8.01,100
2026-04-08 09:15:01.970,20260408,91501970,000009.SZ,176951,1,0,7.71,100
2026-04-08 09:15:02.000,20260408,91502000,000009.SZ,178374,2,0,9.35,500
2026-04-08 09:15:02.000,20260408,91502000,000009.SZ,178522,2,0,9.31,9000
2026-04-08 09:15:02.000,20260408,91502000,000009.SZ,178533,2,0,9.31,9000
2026-04-08 09:15:02.000,20260408,91502000,000009.SZ,178578,2,0,9.31,10700
2026-04-08 09:15:02.020,20260408,91502020,000009.SZ,179523,2,0,9.16,500
2026-04-08 09:15:02.020,20260408,91502020,000009.SZ,179773,2,0,8.73,2000
2026-04-08 09:15:02.030,20260408,91502030,000009.SZ,180194,2,0,8.7,500
2026-04-08 09:15:02.030,20260408,91502030,000009.SZ,180254,2,0,9.35,4900
2026-04-08 09:15:02.080,20260408,91502080,000009.SZ,181904,2,0,8.7,500
2026-04-08 09:15:02.110,20260408,91502110,000009.SZ,182379,2,0,9.3,1000
2026-04-08 09:15:02.130,20260408,91502130,000009.SZ,183291,2,0,8.8,1000
2026-04-08 09:15:02.150,20260408,91502150,000009.SZ,184072,2,0,8.93,3400
2026-04-08 09:15:02.180,20260408,91502180,000009.SZ,185635,1,0,8.36,500
2026-04-08 09:15:02.190,20260408,91502190,000009.SZ,186467,2,0,9.33,400
2026-04-08 09:15:02.200,20260408,91502200,000009.SZ,187195,1,0,8.45,20000
2026-04-08 09:15:02.200,20260408,91502200,000009.SZ,187244,2,0,8.77,500
2026-04-08 09:15:02.230,20260408,91502230,000009.SZ,188722,2,0,9.32,1300
2026-04-08 09:15:02.330,20260408,91502330,000009.SZ,191331,2,0,9.25,4000
2026-04-08 09:15:02.430,20260408,91502430,000009.SZ,193485,1,0,7.65,1000
2026-04-08 09:15:02.450,20260408,91502450,000009.SZ,193851,2,0,9.35,100
2026-04-08 09:15:02.450,20260408,91502450,000009.SZ,193861,1,0,8.0,100
2026-04-08 09:15:02.470,20260408,91502470,000009.SZ,194031,1,0,8.0,100
2026-04-08 09:15:02.570,20260408,91502570,000009.SZ,195618,1,0,7.68,100
2026-04-08 09:15:02.680,20260408,91502680,000009.SZ,197192,2,0,9.0,600
2026-04-08 09:15:02.690,20260408,91502690,000009.SZ,197336,2,0,9.35,2700
2026-04-08 09:15:02.700,20260408,91502700,000009.SZ,197667,2,0,8.66,500
2026-04-08 09:15:02.700,20260408,91502700,000009.SZ,197669,2,0,8.88,600
2026-04-08 09:15:02.710,20260408,91502710,000009.SZ,197676,2,0,9.33,1000
2026-04-08 09:15:02.710,20260408,91502710,000009.SZ,197677,1,0,8.22,400
2026-04-08 09:15:02.730,20260408,91502730,000009.SZ,198182,2,0,9.35,1000
2026-04-08 09:15:02.730,20260408,91502730,000009.SZ,198259,2,0,9.35,2200
2026-04-08 09:15:02.740,20260408,91502740,000009.SZ,198358,2,0,9.09,500
2026-04-08 09:15:02.820,20260408,91502820,000009.SZ,199288,2,0,9.35,4000
2026-04-08 09:15:02.820,20260408,91502820,000009.SZ,199291,2,0,8.75,1200
2026-04-08 09:15:02.820,20260408,91502820,000009.SZ,199295,1,0,8.4,1200
2026-04-08 09:15:02.880,20260408,91502880,000009.SZ,200183,2,0,9.33,300
2026-04-08 09:15:02.910,20260408,91502910,000009.SZ,200788,2,0,8.99,600
2026-04-08 09:15:03.000,20260408,91503000,000009.SZ,202926,2,0,9.05,600
2026-04-08 09:15:03.010,20260408,91503010,000009.SZ,203219,2,0,9.34,4500
2026-04-08 09:15:03.020,20260408,91503020,000009.SZ,203404,2,0,9.2,1100
2026-04-08 09:15:03.020,20260408,91503020,000009.SZ,203547,1,0,8.08,700
2026-04-08 09:15:03.050,20260408,91503050,000009.SZ,204042,2,0,9.35,300
2026-04-08 09:15:03.060,20260408,91503060,000009.SZ,204282,2,0,9.33,8000
2026-04-08 09:15:03.140,20260408,91503140,000009.SZ,205404,1,0,8.43,600
2026-04-08 09:15:03.150,20260408,91503150,000009.SZ,205469,2,0,9.27,500
2026-04-08 09:15:03.230,20260408,91503230,000009.SZ,207286,1,0,8.08,200
2026-04-08 09:15:03.240,20260408,91503240,000009.SZ,207597,2,0,8.69,1500
2026-04-08 09:15:03.300,20260408,91503300,000009.SZ,208562,2,0,9.35,100
2026-04-08 09:15:03.360,20260408,91503360,000009.SZ,209340,2,0,8.6,2000
2026-04-08 09:15:03.380,20260408,91503380,000009.SZ,209465,2,0,9.2,400
2026-04-08 09:15:03.420,20260408,91503420,000009.SZ,209836,2,0,9.11,900
2026-04-08 09:15:03.450,20260408,91503450,000009.SZ,209967,1,0,8.5,1200
2026-04-08 09:15:03.470,20260408,91503470,000009.SZ,210172,2,0,8.8,2500
2026-04-08 09:15:03.800,20260408,91503800,000009.SZ,212335,2,0,9.35,1000
2026-04-08 09:15:03.870,20260408,91503870,000009.SZ,212685,2,0,8.99,1700
2026-04-08 09:15:03.880,20260408,91503880,000009.SZ,212991,2,0,9.19,100
2026-04-08 09:15:03.890,20260408,91503890,000009.SZ,213048,2,0,8.7,600
2026-04-08 09:15:03.900,20260408,91503900,000009.SZ,213201,2,0,9.05,1000
2026-04-08 09:15:03.900,20260408,91503900,000009.SZ,213219,2,0,8.59,2000
2026-04-08 09:15:03.930,20260408,91503930,000009.SZ,213520,1,0,8.38,9700
2026-04-08 09:15:03.950,20260408,91503950,000009.SZ,213947,2,0,8.83,2200
2026-04-08 09:15:03.950,20260408,91503950,000009.SZ,214049,2,0,9.35,500
2026-04-08 09:15:03.960,20260408,91503960,000009.SZ,214153,2,0,9.3,8000
2026-04-08 09:15:04.060,20260408,91504060,000009.SZ,215387,2,0,9.35,2000
2026-04-08 09:15:04.070,20260408,91504070,000009.SZ,215389,2,0,8.92,2000
2026-04-08 09:15:04.120,20260408,91504120,000009.SZ,215898,1,0,8.4,400
2026-04-08 09:15:04.170,20260408,91504170,000009.SZ,216778,2,0,9.3,1100
2026-04-08 09:15:04.290,20260408,91504290,000009.SZ,218590,1,0,8.5,100
2026-04-08 09:15:04.330,20260408,91504330,000009.SZ,218783,1,0,8.5,1200
2026-04-08 09:15:04.490,20260408,91504490,000009.SZ,219435,2,0,8.89,200
2026-04-08 09:15:04.510,20260408,91504510,000009.SZ,219571,1,0,8.31,1200
2026-04-08 09:15:04.860,20260408,91504860,000009.SZ,220824,2,0,8.78,500
2026-04-08 09:15:04.890,20260408,91504890,000009.SZ,221162,2,0,9.17,100
2026-04-08 09:15:04.890,20260408,91504890,000009.SZ,221165,2,0,9.34,100
2026-04-08 09:15:04.910,20260408,91504910,000009.SZ,221241,2,0,9.1,500
2026-04-08 09:15:05.040,20260408,91505040,000009.SZ,221764,1,0,8.52,1000
2026-04-08 09:15:05.040,20260408,91505040,000009.SZ,221770,1,0,8.54,1000
2026-04-08 09:15:05.120,20260408,91505120,000009.SZ,222019,1,0,8.38,300
2026-04-08 09:15:05.130,20260408,91505130,000009.SZ,222206,1,0,8.05,2000
2026-04-08 09:15:05.220,20260408,91505220,000009.SZ,223171,2,0,9.31,4400
2026-04-08 09:15:05.810,20260408,91505810,000009.SZ,224959,1,0,8.4,7000
2026-04-08 09:15:05.850,20260408,91505850,000009.SZ,225127,2,0,9.34,1200
2026-04-08 09:15:06.210,20260408,91506210,000009.SZ,226716,2,0,8.66,500
2026-04-08 09:15:06.210,20260408,91506210,000009.SZ,226718,2,0,8.88,1200
2026-04-08 09:15:07.190,20260408,91507190,000009.SZ,228503,1,0,8.0,200
2026-04-08 09:15:07.240,20260408,91507240,000009.SZ,228736,2,0,8.86,8000
2026-04-08 09:15:09.180,20260408,91509180,000009.SZ,230285,1,0,8.45,1000
2026-04-08 09:15:11.050,20260408,91511050,000009.SZ,231246,1,0,8.2,1000
2026-04-08 09:15:12.230,20260408,91512230,000009.SZ,231658,2,0,8.55,200
2026-04-08 09:15:12.230,20260408,91512230,000009.SZ,231659,1,0,8.41,200
2026-04-08 09:15:27.420,20260408,91527420,000009.SZ,234544,2,0,9.03,100
2026-04-08 09:15:35.310,20260408,91535310,000009.SZ,236198,2,0,8.9,100
2026-04-08 09:15:35.310,20260408,91535310,000009.SZ,236199,1,0,8.1,100
2026-04-08 09:15:40.800,20260408,91540800,000009.SZ,237334,1,0,8.58,2400
2026-04-08 09:15:40.960,20260408,91540960,000009.SZ,237364,1,0,8.45,1500
2026-04-08 09:15:44.240,20260408,91544240,000009.SZ,238177,2,0,8.81,200
2026-04-08 09:15:47.310,20260408,91547310,000009.SZ,238966,2,0,9.03,1000
2026-04-08 09:15:54.280,20260408,91554280,000009.SZ,240772,1,0,8.04,100
2026-04-08 09:15:54.280,20260408,91554280,000009.SZ,240774,2,0,9.31,100
2026-04-08 09:15:55.490,20260408,91555490,000009.SZ,241149,1,0,8.58,1000
2026-04-08 09:15:55.500,20260408,91555500,000009.SZ,241157,2,0,8.61,6900
2026-04-08 09:15:55.890,20260408,91555890,000009.SZ,241274,2,0,9.27,1000
2026-04-08 09:15:57.530,20260408,91557530,000009.SZ,241783,1,0,8.52,12200
2026-04-08 09:16:00.410,20260408,91600410,000009.SZ,242569,2,0,8.8,1000
2026-04-08 09:16:00.630,20260408,91600630,000009.SZ,242622,2,0,8.56,100
2026-04-08 09:16:01.230,20260408,91601230,000009.SZ,242788,2,0,8.58,1400
2026-04-08 09:16:06.620,20260408,91606620,000009.SZ,244515,2,0,8.6,100
2026-04-08 09:16:07.400,20260408,91607400,000009.SZ,244770,2,0,9.35,8000
2026-04-08 09:16:09.170,20260408,91609170,000009.SZ,245280,2,0,9.35,300
2026-04-08 09:16:11.050,20260408,91611050,000009.SZ,245906,1,0,8.56,5600
2026-04-08 09:16:12.440,20260408,91612440,000009.SZ,246339,2,0,9.35,1500
2026-04-08 09:16:12.580,20260408,91612580,000009.SZ,246386,2,0,8.64,100
2026-04-08 09:16:18.650,20260408,91618650,000009.SZ,247973,2,0,8.68,100
2026-04-08 09:16:19.620,20260408,91619620,000009.SZ,248205,1,0,8.58,35000
2026-04-08 09:16:21.740,20260408,91621740,000009.SZ,248953,2,0,9.0,1000
2026-04-08 09:16:25.270,20260408,91625270,000009.SZ,249884,2,0,8.72,100
2026-04-08 09:16:25.570,20260408,91625570,000009.SZ,249973,1,0,8.6,100
2026-04-08 09:16:26.260,20260408,91626260,000009.SZ,250176,2,0,8.77,5500
2026-04-08 09:16:26.510,20260408,91626510,000009.SZ,250245,2,0,9.35,30000
2026-04-08 09:16:31.210,20260408,91631210,000009.SZ,251528,1,0,8.48,100
2026-04-08 09:16:35.890,20260408,91635890,000009.SZ,253029,2,0,9.17,5500
2026-04-08 09:16:37.360,20260408,91637360,000009.SZ,253518,2,0,9.35,1500
2026-04-08 09:16:37.440,20260408,91637440,000009.SZ,253553,1,0,8.44,100
2026-04-08 09:16:39.810,20260408,91639810,000009.SZ,254216,2,0,9.0,3000
2026-04-08 09:16:43.470,20260408,91643470,000009.SZ,255281,1,0,8.4,100
2026-04-08 09:16:43.850,20260408,91643850,000009.SZ,255396,2,0,8.68,1100
2026-04-08 09:16:44.170,20260408,91644170,000009.SZ,255504,1,0,8.51,3700
2026-04-08 09:16:52.300,20260408,91652300,000009.SZ,257972,2,0,8.9,3000
2026-04-08 09:17:08.410,20260408,91708410,000009.SZ,263037,2,0,8.95,3000
2026-04-08 09:17:09.780,20260408,91709780,000009.SZ,263425,2,0,9.18,100
2026-04-08 09:17:11.490,20260408,91711490,000009.SZ,263957,2,0,8.67,4000
2026-04-08 09:17:11.940,20260408,91711940,000009.SZ,264102,1,0,8.46,1000
2026-04-08 09:17:12.120,20260408,91712120,000009.SZ,264165,2,0,9.35,100
2026-04-08 09:17:12.180,20260408,91712180,000009.SZ,264185,2,0,9.35,7500
2026-04-08 09:17:12.270,20260408,91712270,000009.SZ,264218,1,0,8.5,3500
2026-04-08 09:17:14.880,20260408,91714880,000009.SZ,265002,2,0,9.33,3900
2026-04-08 09:17:23.160,20260408,91723160,000009.SZ,267686,2,0,8.55,700
2026-04-08 09:17:32.310,20260408,91732310,000009.SZ,270603,2,0,8.65,3000
2026-04-08 09:17:33.950,20260408,91733950,000009.SZ,271133,1,0,8.57,1200
2026-04-08 09:17:38.460,20260408,91738460,000009.SZ,272538,2,0,9.35,5000
2026-04-08 09:17:47.830,20260408,91747830,000009.SZ,275556,1,0,8.38,1000
2026-04-08 09:17:49.650,20260408,91749650,000009.SZ,276167,2,0,8.95,900
2026-04-08 09:17:50.160,20260408,91750160,000009.SZ,276312,1,0,8.04,1000
2026-04-08 09:17:50.230,20260408,91750230,000009.SZ,276342,1,0,8.59,30000
2026-04-08 09:17:52.110,20260408,91752110,000009.SZ,276984,2,0,8.99,500
2026-04-08 09:17:52.280,20260408,91752280,000009.SZ,277051,2,0,8.6,600
2026-04-08 09:17:52.830,20260408,91752830,000009.SZ,277239,1,0,9.35,600
2026-04-08 09:17:53.320,20260408,91753320,000009.SZ,277396,2,0,9.35,3000
2026-04-08 09:17:55.360,20260408,91755360,000009.SZ,278074,1,0,8.38,1100
2026-04-08 09:18:04.960,20260408,91804960,000009.SZ,281429,2,0,8.8,500
2026-04-08 09:18:22.170,20260408,91822170,000009.SZ,287372,2,0,8.59,500
2026-04-08 09:18:23.330,20260408,91823330,000009.SZ,287782,2,0,9.0,500
2026-04-08 09:18:24.180,20260408,91824180,000009.SZ,288052,2,0,9.14,1000
2026-04-08 09:18:25.970,20260408,91825970,000009.SZ,288706,2,0,8.69,4000
2026-04-08 09:18:31.540,20260408,91831540,000009.SZ,290759,2,0,7.65,100
2026-04-08 09:18:32.960,20260408,91832960,000009.SZ,291263,2,0,8.65,3000
2026-04-08 09:18:33.010,20260408,91833010,000009.SZ,291291,2,0,7.65,1200
2026-04-08 09:18:34.880,20260408,91834880,000009.SZ,291997,2,0,9.16,200
2026-04-08 09:18:40.050,20260408,91840050,000009.SZ,293885,2,0,8.75,1000
2026-04-08 09:18:42.000,20260408,91842000,000009.SZ,294615,2,0,8.59,300
2026-04-08 09:18:43.070,20260408,91843070,000009.SZ,294998,2,0,8.94,2900
2026-04-08 09:19:09.600,20260408,91909600,000009.SZ,304936,1,0,8.59,11300
2026-04-08 09:19:09.960,20260408,91909960,000009.SZ,305084,2,0,8.65,1000
2026-04-08 09:19:12.330,20260408,91912330,000009.SZ,306022,2,0,9.35,276100
2026-04-08 09:19:12.910,20260408,91912910,000009.SZ,306239,2,0,8.96,2000
2026-04-08 09:19:13.810,20260408,91913810,000009.SZ,306601,2,0,7.65,200
2026-04-08 09:19:18.770,20260408,91918770,000009.SZ,308467,2,0,9.35,1000
2026-04-08 09:19:23.350,20260408,91923350,000009.SZ,310288,2,0,8.98,1000
2026-04-08 09:19:24.690,20260408,91924690,000009.SZ,310834,2,0,8.68,1000
2026-04-08 09:19:25.080,20260408,91925080,000009.SZ,310979,2,0,9.35,3600
2026-04-08 09:19:27.970,20260408,91927970,000009.SZ,312111,2,0,9.35,5000
2026-04-08 09:19:29.740,20260408,91929740,000009.SZ,312794,2,0,8.88,1000
2026-04-08 09:19:38.590,20260408,91938590,000009.SZ,316309,2,0,8.67,1200
2026-04-08 09:19:40.480,20260408,91940480,000009.SZ,317077,2,0,8.98,1000
2026-04-08 09:19:48.180,20260408,91948180,000009.SZ,320053,1,0,8.42,200
2026-04-08 09:19:49.610,20260408,91949610,000009.SZ,320642,2,0,9.3,1000
2026-04-08 09:19:59.560,20260408,91959560,000009.SZ,324603,2,0,8.69,38600
2026-04-08 09:20:00.720,20260408,92000720,000009.SZ,325070,2,0,8.69,600
2026-04-08 09:20:02.080,20260408,92002080,000009.SZ,325673,1,0,8.92,2800
2026-04-08 09:20:02.710,20260408,92002710,000009.SZ,325960,1,0,8.5,1200
2026-04-08 09:20:05.020,20260408,92005020,000009.SZ,327032,2,0,8.33,100
2026-04-08 09:20:06.640,20260408,92006640,000009.SZ,327697,2,0,9.34,1100
2026-04-08 09:20:07.350,20260408,92007350,000009.SZ,327940,1,0,8.55,13000
2026-04-08 09:20:08.380,20260408,92008380,000009.SZ,328250,1,0,8.36,200
2026-04-08 09:20:10.420,20260408,92010420,000009.SZ,329102,1,0,8.49,9100
2026-04-08 09:20:10.590,20260408,92010590,000009.SZ,329169,1,0,8.55,6700
2026-04-08 09:20:13.110,20260408,92013110,000009.SZ,330088,2,0,9.35,700
2026-04-08 09:20:13.640,20260408,92013640,000009.SZ,330278,1,0,8.6,20000
2026-04-08 09:20:17.970,20260408,92017970,000009.SZ,331743,2,0,9.03,600
2026-04-08 09:20:18.010,20260408,92018010,000009.SZ,331765,1,0,8.17,600
2026-04-08 09:20:18.550,20260408,92018550,000009.SZ,331969,2,0,8.59,4000
2026-04-08 09:20:21.860,20260408,92021860,000009.SZ,333131,2,0,8.68,300
2026-04-08 09:20:26.980,20260408,92026980,000009.SZ,334953,2,0,8.9,1000
2026-04-08 09:20:27.590,20260408,92027590,000009.SZ,335176,2,0,8.88,1000
2026-04-08 09:20:35.840,20260408,92035840,000009.SZ,338067,2,0,9.35,1000
2026-04-08 09:20:37.180,20260408,92037180,000009.SZ,338613,1,0,8.59,1800
2026-04-08 09:20:40.320,20260408,92040320,000009.SZ,339751,2,0,8.89,400
2026-04-08 09:20:43.210,20260408,92043210,000009.SZ,340829,2,0,8.88,3000
2026-04-08 09:20:53.860,20260408,92053860,000009.SZ,344888,2,0,9.15,500
2026-04-08 09:20:55.070,20260408,92055070,000009.SZ,345384,2,0,9.35,1000
2026-04-08 09:20:58.600,20260408,92058600,000009.SZ,346834,1,0,8.59,10000
2026-04-08 09:20:59.330,20260408,92059330,000009.SZ,347152,2,0,8.59,2000
2026-04-08 09:21:00.250,20260408,92100250,000009.SZ,347656,1,0,9.35,2300
2026-04-08 09:21:00.410,20260408,92100410,000009.SZ,347972,1,0,9.35,600
2026-04-08 09:21:00.760,20260408,92100760,000009.SZ,348322,1,0,9.35,600
2026-04-08 09:21:00.770,20260408,92100770,000009.SZ,348330,1,0,9.35,1600
2026-04-08 09:21:00.870,20260408,92100870,000009.SZ,348516,1,0,8.0,100
2026-04-08 09:21:01.340,20260408,92101340,000009.SZ,348945,1,0,9.35,400
2026-04-08 09:21:01.780,20260408,92101780,000009.SZ,349189,1,0,9.35,1100
2026-04-08 09:21:01.780,20260408,92101780,000009.SZ,349196,1,0,9.35,1100
2026-04-08 09:21:02.070,20260408,92102070,000009.SZ,349433,2,0,8.88,500
2026-04-08 09:21:02.090,20260408,92102090,000009.SZ,349468,1,0,8.65,2000
2026-04-08 09:21:03.530,20260408,92103530,000009.SZ,350245,2,0,7.65,300
2026-04-08 09:21:04.740,20260408,92104740,000009.SZ,350853,1,0,8.6,4900
2026-04-08 09:21:08.150,20260408,92108150,000009.SZ,352186,2,0,9.35,200
2026-04-08 09:21:11.730,20260408,92111730,000009.SZ,353641,1,0,8.46,8000
2026-04-08 09:21:15.630,20260408,92115630,000009.SZ,355348,1,0,8.59,2100
2026-04-08 09:21:16.770,20260408,92116770,000009.SZ,355787,2,0,9.0,600
2026-04-08 09:21:18.920,20260408,92118920,000009.SZ,356642,2,0,8.78,1000
2026-04-08 09:21:21.040,20260408,92121040,000009.SZ,357553,1,0,8.58,5000
2026-04-08 09:21:21.620,20260408,92121620,000009.SZ,357872,2,0,8.75,2000
2026-04-08 09:21:23.360,20260408,92123360,000009.SZ,358645,2,0,9.35,3000
2026-04-08 09:21:24.220,20260408,92124220,000009.SZ,359043,2,0,8.82,9000
2026-04-08 09:21:25.050,20260408,92125050,000009.SZ,359384,1,0,8.5,200
2026-04-08 09:21:25.490,20260408,92125490,000009.SZ,359579,1,0,8.55,300
2026-04-08 09:21:27.960,20260408,92127960,000009.SZ,360730,1,0,8.61,5000
2026-04-08 09:21:29.940,20260408,92129940,000009.SZ,361568,2,0,8.95,2000
2026-04-08 09:21:29.960,20260408,92129960,000009.SZ,361580,2,0,9.0,2700
2026-04-08 09:21:30.390,20260408,92130390,000009.SZ,361793,2,0,8.7,500
2026-04-08 09:21:30.820,20260408,92130820,000009.SZ,361990,2,0,9.35,3000
2026-04-08 09:21:35.400,20260408,92135400,000009.SZ,363965,2,0,8.99,500
2026-04-08 09:21:39.700,20260408,92139700,000009.SZ,365767,2,0,9.15,2000
2026-04-08 09:21:40.740,20260408,92140740,000009.SZ,366239,2,0,8.79,500
2026-04-08 09:21:48.900,20260408,92148900,000009.SZ,369927,2,0,9.3,2000
2026-04-08 09:21:49.120,20260408,92149120,000009.SZ,370042,1,0,7.65,300
2026-04-08 09:21:49.460,20260408,92149460,000009.SZ,370229,2,0,9.35,10000
2026-04-08 09:21:49.720,20260408,92149720,000009.SZ,370359,2,0,8.78,5500
2026-04-08 09:21:51.800,20260408,92151800,000009.SZ,371268,2,0,8.6,1000
2026-04-08 09:21:53.480,20260408,92153480,000009.SZ,372015,2,0,8.95,1000
2026-04-08 09:21:54.600,20260408,92154600,000009.SZ,372531,2,0,9.11,1200
2026-04-08 09:21:54.620,20260408,92154620,000009.SZ,372543,2,0,8.6,500
2026-04-08 09:21:54.690,20260408,92154690,000009.SZ,372573,2,0,8.68,200
2026-04-08 09:21:55.670,20260408,92155670,000009.SZ,373020,2,0,8.9,400
2026-04-08 09:21:58.630,20260408,92158630,000009.SZ,374421,2,0,8.59,800
2026-04-08 09:21:58.850,20260408,92158850,000009.SZ,374507,2,0,8.92,3000
2026-04-08 09:21:59.130,20260408,92159130,000009.SZ,374635,2,0,8.6,500
2026-04-08 09:22:01.450,20260408,92201450,000009.SZ,375651,2,0,8.8,40000
2026-04-08 09:22:02.360,20260408,92202360,000009.SZ,376057,2,0,9.1,400
2026-04-08 09:22:02.740,20260408,92202740,000009.SZ,376213,2,0,8.82,2000
2026-04-08 09:22:03.810,20260408,92203810,000009.SZ,376690,2,0,9.1,20000
2026-04-08 09:22:06.850,20260408,92206850,000009.SZ,378123,2,0,8.7,200
2026-04-08 09:22:06.870,20260408,92206870,000009.SZ,378130,2,0,9.35,400
2026-04-08 09:22:08.020,20260408,92208020,000009.SZ,378647,2,0,8.99,500
2026-04-08 09:22:13.690,20260408,92213690,000009.SZ,381256,2,0,9.31,500
2026-04-08 09:22:14.340,20260408,92214340,000009.SZ,381523,1,0,8.6,2100
2026-04-08 09:22:18.270,20260408,92218270,000009.SZ,383434,1,0,8.62,2000
2026-04-08 09:22:20.430,20260408,92220430,000009.SZ,384429,2,0,8.88,1000
2026-04-08 09:22:20.470,20260408,92220470,000009.SZ,384445,1,0,8.59,30000
2026-04-08 09:22:24.700,20260408,92224700,000009.SZ,386521,2,0,8.88,20000
2026-04-08 09:22:25.080,20260408,92225080,000009.SZ,386690,2,0,8.66,6900
2026-04-08 09:22:29.280,20260408,92229280,000009.SZ,388699,2,0,8.7,5000
2026-04-08 09:22:29.760,20260408,92229760,000009.SZ,388957,2,0,9.35,300
2026-04-08 09:22:31.820,20260408,92231820,000009.SZ,390037,2,0,9.35,200
2026-04-08 09:22:35.990,20260408,92235990,000009.SZ,392160,1,0,8.58,1000
2026-04-08 09:22:36.300,20260408,92236300,000009.SZ,392302,1,0,8.55,3000
2026-04-08 09:22:39.250,20260408,92239250,000009.SZ,393855,1,0,8.58,500
2026-04-08 09:22:40.530,20260408,92240530,000009.SZ,394530,1,0,8.6,1100
2026-04-08 09:22:43.400,20260408,92243400,000009.SZ,396011,1,0,8.61,3000
2026-04-08 09:22:43.890,20260408,92243890,000009.SZ,396265,1,0,8.45,5300
2026-04-08 09:22:44.350,20260408,92244350,000009.SZ,396490,1,0,8.61,3700
2026-04-08 09:22:46.190,20260408,92246190,000009.SZ,397404,2,0,9.35,2000
2026-04-08 09:22:47.980,20260408,92247980,000009.SZ,398329,2,0,9.35,900
2026-04-08 09:22:49.840,20260408,92249840,000009.SZ,399330,2,0,8.82,1000
2026-04-08 09:22:51.540,20260408,92251540,000009.SZ,400269,1,0,8.76,1200
2026-04-08 09:22:52.550,20260408,92252550,000009.SZ,400804,2,0,8.78,10000
2026-04-08 09:22:53.470,20260408,92253470,000009.SZ,401274,2,0,7.65,1000
2026-04-08 09:22:55.870,20260408,92255870,000009.SZ,402558,2,0,8.7,5900
2026-04-08 09:22:56.870,20260408,92256870,000009.SZ,403048,1,0,8.6,20300
2026-04-08 09:22:57.130,20260408,92257130,000009.SZ,403179,2,0,8.72,1300
2026-04-08 09:23:00.680,20260408,92300680,000009.SZ,405083,2,0,8.63,2000
2026-04-08 09:23:01.450,20260408,92301450,000009.SZ,405520,2,0,8.6,900
2026-04-08 09:23:01.470,20260408,92301470,000009.SZ,405530,2,0,8.66,4000
2026-04-08 09:23:01.630,20260408,92301630,000009.SZ,405636,2,0,9.35,156900
2026-04-08 09:23:06.400,20260408,92306400,000009.SZ,408358,2,0,8.8,10000
2026-04-08 09:23:06.880,20260408,92306880,000009.SZ,408654,1,0,8.6,10000
2026-04-08 09:23:09.350,20260408,92309350,000009.SZ,410090,1,0,8.56,6000
2026-04-08 09:23:10.770,20260408,92310770,000009.SZ,410934,2,0,8.8,2000
2026-04-08 09:23:11.200,20260408,92311200,000009.SZ,411172,2,0,8.85,600
2026-04-08 09:23:11.350,20260408,92311350,000009.SZ,411256,1,0,8.88,5900
2026-04-08 09:23:14.440,20260408,92314440,000009.SZ,413011,2,0,8.72,4000
2026-04-08 09:23:14.900,20260408,92314900,000009.SZ,413268,2,0,8.68,7800
2026-04-08 09:23:15.330,20260408,92315330,000009.SZ,413522,2,0,9.19,1900
2026-04-08 09:23:18.170,20260408,92318170,000009.SZ,415131,2,0,9.35,55200
2026-04-08 09:23:24.180,20260408,92324180,000009.SZ,418792,2,0,8.69,3000
2026-04-08 09:23:24.850,20260408,92324850,000009.SZ,419198,2,0,9.09,300
2026-04-08 09:23:27.310,20260408,92327310,000009.SZ,420740,1,0,8.55,200
2026-04-08 09:23:28.830,20260408,92328830,000009.SZ,421733,1,0,8.43,1500
2026-04-08 09:23:29.730,20260408,92329730,000009.SZ,422303,1,0,8.61,10900
2026-04-08 09:23:30.080,20260408,92330080,000009.SZ,422557,2,0,9.35,4900
2026-04-08 09:23:30.550,20260408,92330550,000009.SZ,422860,1,0,8.66,1700
2026-04-08 09:23:34.260,20260408,92334260,000009.SZ,425242,2,0,8.75,1000
2026-04-08 09:23:37.070,20260408,92337070,000009.SZ,427107,2,0,8.59,1500
2026-04-08 09:23:38.670,20260408,92338670,000009.SZ,428136,2,0,9.35,10000
2026-04-08 09:23:39.470,20260408,92339470,000009.SZ,428627,2,0,8.89,1000
2026-04-08 09:23:39.790,20260408,92339790,000009.SZ,428857,1,0,8.25,1000
2026-04-08 09:23:40.740,20260408,92340740,000009.SZ,429483,2,0,8.6,1000
2026-04-08 09:23:42.830,20260408,92342830,000009.SZ,430910,1,0,8.6,10200
2026-04-08 09:23:51.030,20260408,92351030,000009.SZ,436335,1,0,8.6,100
2026-04-08 09:23:51.530,20260408,92351530,000009.SZ,436653,2,0,8.6,7000
2026-04-08 09:23:51.950,20260408,92351950,000009.SZ,436942,1,0,8.61,13400
2026-04-08 09:23:52.280,20260408,92352280,000009.SZ,437162,2,0,9.0,3200
2026-04-08 09:23:55.490,20260408,92355490,000009.SZ,439416,2,0,8.79,2000
2026-04-08 09:23:55.990,20260408,92355990,000009.SZ,439734,2,0,8.99,1000
2026-04-08 09:23:56.240,20260408,92356240,000009.SZ,439907,2,0,9.35,500
2026-04-08 09:23:57.110,20260408,92357110,000009.SZ,440475,2,0,8.7,1000
2026-04-08 09:23:57.830,20260408,92357830,000009.SZ,440993,1,0,8.59,2400
2026-04-08 09:23:58.400,20260408,92358400,000009.SZ,441381,2,0,9.35,2000
2026-04-08 09:23:59.730,20260408,92359730,000009.SZ,442239,2,0,8.68,3700
2026-04-08 09:24:00.060,20260408,92400060,000009.SZ,442566,2,0,8.08,100
2026-04-08 09:24:00.070,20260408,92400070,000009.SZ,442611,2,0,8.95,2000
2026-04-08 09:24:02.490,20260408,92402490,000009.SZ,444698,2,0,8.88,1000
2026-04-08 09:24:03.950,20260408,92403950,000009.SZ,445976,2,0,8.62,300
2026-04-08 09:24:03.960,20260408,92403960,000009.SZ,445980,2,0,8.9,500
2026-04-08 09:24:07.540,20260408,92407540,000009.SZ,448912,2,0,8.6,1000
2026-04-08 09:24:07.620,20260408,92407620,000009.SZ,448983,2,0,8.61,1000
2026-04-08 09:24:08.150,20260408,92408150,000009.SZ,449441,1,0,8.62,3000
2026-04-08 09:24:08.440,20260408,92408440,000009.SZ,449708,2,0,8.75,7200
2026-04-08 09:24:09.580,20260408,92409580,000009.SZ,450633,1,0,8.4,2000
2026-04-08 09:24:12.690,20260408,92412690,000009.SZ,453402,2,0,9.35,2000
2026-04-08 09:24:13.980,20260408,92413980,000009.SZ,454693,2,0,8.65,1000
2026-04-08 09:24:15.470,20260408,92415470,000009.SZ,456048,2,0,9.27,300
2026-04-08 09:24:15.910,20260408,92415910,000009.SZ,456472,2,0,8.96,2000
2026-04-08 09:24:16.360,20260408,92416360,000009.SZ,456922,2,0,8.6,86600
2026-04-08 09:24:18.130,20260408,92418130,000009.SZ,458674,2,0,8.57,500
2026-04-08 09:24:18.740,20260408,92418740,000009.SZ,459312,1,0,8.6,10000
2026-04-08 09:24:20.970,20260408,92420970,000009.SZ,461592,2,0,8.88,2000
2026-04-08 09:24:21.260,20260408,92421260,000009.SZ,461917,2,0,8.7,1000
2026-04-08 09:24:21.930,20260408,92421930,000009.SZ,462700,1,0,8.6,500
2026-04-08 09:24:22.100,20260408,92422100,000009.SZ,462868,1,0,8.61,7500
2026-04-08 09:24:22.110,20260408,92422110,000009.SZ,462886,1,0,8.69,200
2026-04-08 09:24:22.770,20260408,92422770,000009.SZ,463650,2,0,9.35,18500
2026-04-08 09:24:22.920,20260408,92422920,000009.SZ,463807,2,0,9.32,1500
2026-04-08 09:24:23.520,20260408,92423520,000009.SZ,464415,2,0,8.99,5000
2026-04-08 09:24:23.890,20260408,92423890,000009.SZ,464818,1,0,8.7,1200
2026-04-08 09:24:23.990,20260408,92423990,000009.SZ,464925,1,0,8.61,3600
2026-04-08 09:24:24.380,20260408,92424380,000009.SZ,465307,1,0,8.62,2000
2026-04-08 09:24:25.290,20260408,92425290,000009.SZ,466300,2,0,9.34,300
2026-04-08 09:24:26.160,20260408,92426160,000009.SZ,467187,2,0,8.6,700
2026-04-08 09:24:26.410,20260408,92426410,000009.SZ,467437,1,0,8.49,5000
2026-04-08 09:24:28.850,20260408,92428850,000009.SZ,470089,1,0,8.61,500
2026-04-08 09:24:30.290,20260408,92430290,000009.SZ,471747,2,0,8.73,2600
2026-04-08 09:24:30.550,20260408,92430550,000009.SZ,472052,2,0,9.3,8800
2026-04-08 09:24:31.250,20260408,92431250,000009.SZ,472888,2,0,8.68,19500
2026-04-08 09:24:32.040,20260408,92432040,000009.SZ,473803,1,0,8.63,800
2026-04-08 09:24:34.230,20260408,92434230,000009.SZ,476200,2,0,8.68,2500
2026-04-08 09:24:34.300,20260408,92434300,000009.SZ,476294,2,0,9.31,500
2026-04-08 09:24:34.950,20260408,92434950,000009.SZ,477020,1,0,9.35,600
2026-04-08 09:24:35.490,20260408,92435490,000009.SZ,477616,2,0,8.81,2000
2026-04-08 09:24:35.710,20260408,92435710,000009.SZ,477883,1,0,8.62,49600
2026-04-08 09:24:36.080,20260408,92436080,000009.SZ,478304,2,0,9.13,1600
2026-04-08 09:24:36.130,20260408,92436130,000009.SZ,478358,2,0,8.49,1300
2026-04-08 09:24:41.270,20260408,92441270,000009.SZ,484971,2,0,8.6,500
2026-04-08 09:24:41.880,20260408,92441880,000009.SZ,485664,1,0,8.61,104400
2026-04-08 09:24:42.290,20260408,92442290,000009.SZ,486216,2,0,8.9,100
2026-04-08 09:24:45.350,20260408,92445350,000009.SZ,490003,2,0,8.76,2000
2026-04-08 09:24:46.890,20260408,92446890,000009.SZ,491916,2,0,8.95,1000
2026-04-08 09:24:51.020,20260408,92451020,000009.SZ,498608,2,0,8.88,5000
2026-04-08 09:24:51.130,20260408,92451130,000009.SZ,498804,1,0,8.74,300
2026-04-08 09:24:51.580,20260408,92451580,000009.SZ,499398,2,0,8.65,5700
2026-04-08 09:24:52.130,20260408,92452130,000009.SZ,500157,1,0,8.74,100
2026-04-08 09:24:52.410,20260408,92452410,000009.SZ,500568,2,0,8.59,1000
2026-04-08 09:24:52.690,20260408,92452690,000009.SZ,501057,2,0,8.85,2000
2026-04-08 09:24:52.820,20260408,92452820,000009.SZ,501272,1,0,9.35,600
2026-04-08 09:24:52.830,20260408,92452830,000009.SZ,501326,1,0,8.66,31300
2026-04-08 09:24:53.480,20260408,92453480,000009.SZ,502370,1,0,8.67,10600
2026-04-08 09:24:53.520,20260408,92453520,000009.SZ,502471,2,0,8.6,2000
2026-04-08 09:24:53.560,20260408,92453560,000009.SZ,502553,2,0,8.6,500
2026-04-08 09:24:53.690,20260408,92453690,000009.SZ,502786,1,0,8.62,12300
2026-04-08 09:24:53.740,20260408,92453740,000009.SZ,502898,1,0,8.83,1900
2026-04-08 09:24:54.040,20260408,92454040,000009.SZ,503502,1,0,8.67,5500
2026-04-08 09:24:54.330,20260408,92454330,000009.SZ,503987,2,0,8.75,4200
2026-04-08 09:24:54.770,20260408,92454770,000009.SZ,504770,1,0,8.65,45800
2026-04-08 09:24:54.770,20260408,92454770,000009.SZ,504772,1,0,8.61,14500
2026-04-08 09:24:54.990,20260408,92454990,000009.SZ,505274,2,0,8.59,5100
2026-04-08 09:24:55.420,20260408,92455420,000009.SZ,506284,1,0,8.62,3000
2026-04-08 09:24:55.650,20260408,92455650,000009.SZ,506777,2,0,8.52,200
2026-04-08 09:24:55.660,20260408,92455660,000009.SZ,506790,2,0,8.52,100
2026-04-08 09:24:56.230,20260408,92456230,000009.SZ,508604,1,0,8.87,2900
2026-04-08 09:24:57.110,20260408,92457110,000009.SZ,511576,2,0,8.53,100
2026-04-08 09:24:57.130,20260408,92457130,000009.SZ,511608,2,0,8.75,1500
2026-04-08 09:24:57.150,20260408,92457150,000009.SZ,511741,2,0,8.61,300
2026-04-08 09:24:57.980,20260408,92457980,000009.SZ,515323,1,0,8.62,9500
2026-04-08 09:24:58.160,20260408,92458160,000009.SZ,516021,2,0,9.35,200
2026-04-08 09:24:58.280,20260408,92458280,000009.SZ,516569,1,0,9.03,79600
2026-04-08 09:24:58.750,20260408,92458750,000009.SZ,519237,1,0,9.35,600
2026-04-08 09:24:58.870,20260408,92458870,000009.SZ,519780,2,0,8.58,700
2026-04-08 09:24:58.900,20260408,92458900,000009.SZ,519962,1,0,8.65,28900
2026-04-08 09:24:59.000,20260408,92459000,000009.SZ,520406,1,0,9.03,10900
2026-04-08 09:24:59.260,20260408,92459260,000009.SZ,522314,1,0,9.35,600
2026-04-08 09:24:59.310,20260408,92459310,000009.SZ,523009,1,0,8.72,1000
2026-04-08 09:24:59.310,20260408,92459310,000009.SZ,523066,1,0,9.35,600
2026-04-08 09:24:59.340,20260408,92459340,000009.SZ,523258,1,0,8.72,1800
2026-04-08 09:24:59.380,20260408,92459380,000009.SZ,523617,1,0,8.72,2300
2026-04-08 09:24:59.380,20260408,92459380,000009.SZ,523658,1,0,8.72,1700
2026-04-08 09:24:59.450,20260408,92459450,000009.SZ,524105,1,0,9.35,600
2026-04-08 09:24:59.620,20260408,92459620,000009.SZ,525256,1,0,8.66,5200
2026-04-08 09:24:59.640,20260408,92459640,000009.SZ,525474,1,0,8.87,5900
2026-04-08 09:24:59.870,20260408,92459870,000009.SZ,527112,2,0,8.7,400
2026-04-08 09:24:59.890,20260408,92459890,000009.SZ,527225,1,0,8.65,1100
2026-04-08 09:24:59.940,20260408,92459940,000009.SZ,527861,1,0,8.7,1100
2026-04-08 09:24:59.980,20260408,92459980,000009.SZ,529407,1,0,8.71,700
2026-04-08 09:24:59.980,20260408,92459980,000009.SZ,529509,1,0,8.71,700
2026-04-08 09:30:00.000,20260408,93000000,000009.SZ,653032,1,0,8.68,300
2026-04-08 09:30:00.040,20260408,93000040,000009.SZ,655696,1,0,8.66,600
2026-04-08 09:30:00.040,20260408,93000040,000009.SZ,656431,1,0,8.68,300
2026-04-08 09:30:00.040,20260408,93000040,000009.SZ,656477,1,0,8.68,200
2026-04-08 09:30:00.040,20260408,93000040,000009.SZ,656525,1,0,8.68,500
2026-04-08 09:30:00.040,20260408,93000040,000009.SZ,657232,2,0,8.66,1500
2026-04-08 09:30:00.040,20260408,93000040,000009.SZ,657249,2,0,8.66,2300
2026-04-08 09:30:00.040,20260408,93000040,000009.SZ,657771,1,0,8.67,3800
2026-04-08 09:30:00.050,20260408,93000050,000009.SZ,661024,1,0,8.7,2300
2026-04-08 09:30:00.050,20260408,93000050,000009.SZ,663805,1,0,8.66,600
2026-04-08 09:30:00.050,20260408,93000050,000009.SZ,664056,2,0,8.65,4000
2026-04-08 09:30:00.060,20260408,93000060,000009.SZ,667661,1,0,8.45,3000
2026-04-08 09:30:00.060,20260408,93000060,000009.SZ,667900,2,0,8.69,1000
2026-04-08 09:30:00.060,20260408,93000060,000009.SZ,668407,2,0,8.66,4100
2026-04-08 09:30:00.060,20260408,93000060,000009.SZ,669266,1,0,8.55,4000
2026-04-08 09:30:00.060,20260408,93000060,000009.SZ,671878,2,0,8.64,400
2026-04-08 09:30:00.060,20260408,93000060,000009.SZ,671942,2,0,9.08,500
2026-04-08 09:30:00.060,20260408,93000060,000009.SZ,672767,2,0,9.34,500
2026-04-08 09:30:00.060,20260408,93000060,000009.SZ,674647,2,0,8.65,1200
2026-04-08 09:30:00.070,20260408,93000070,000009.SZ,676169,2,0,8.63,1200
2026-04-08 09:30:00.070,20260408,93000070,000009.SZ,676510,2,0,9.1,1000
2026-04-08 09:30:00.070,20260408,93000070,000009.SZ,677519,2,0,8.98,5000
2026-04-08 09:30:00.070,20260408,93000070,000009.SZ,677727,2,0,8.7,1200
2026-04-08 09:30:00.070,20260408,93000070,000009.SZ,681210,2,0,8.88,10000
2026-04-08 09:30:00.070,20260408,93000070,000009.SZ,681284,1,0,8.68,300
2026-04-08 09:30:00.070,20260408,93000070,000009.SZ,682990,2,0,8.72,600
2026-04-08 09:30:00.080,20260408,93000080,000009.SZ,685335,2,0,9.35,1000
2026-04-08 09:30:00.080,20260408,93000080,000009.SZ,685524,2,0,8.75,200
2026-04-08 09:30:00.080,20260408,93000080,000009.SZ,686045,2,0,8.69,1000
2026-04-08 09:30:00.080,20260408,93000080,000009.SZ,689123,2,0,8.76,100
2026-04-08 09:30:00.090,20260408,93000090,000009.SZ,690068,2,0,8.91,3500
2026-04-08 09:30:00.090,20260408,93000090,000009.SZ,694653,2,0,9.35,1900
2026-04-08 09:30:00.100,20260408,93000100,000009.SZ,699345,2,0,8.8,100
2026-04-08 09:30:00.100,20260408,93000100,000009.SZ,700377,2,0,8.91,800
2026-04-08 09:30:00.100,20260408,93000100,000009.SZ,700384,1,0,8.63,300
2026-04-08 09:30:00.100,20260408,93000100,000009.SZ,700841,2,0,8.7,100
2026-04-08 09:30:00.110,20260408,93000110,000009.SZ,702626,1,0,7.65,100
2026-04-08 09:30:00.110,20260408,93000110,000009.SZ,703378,2,0,8.7,800
2026-04-08 09:30:00.110,20260408,93000110,000009.SZ,706345,2,0,8.97,300
2026-04-08 09:30:00.110,20260408,93000110,000009.SZ,706556,1,0,8.66,600
2026-04-08 09:30:00.120,20260408,93000120,000009.SZ,708006,2,0,9.09,500
2026-04-08 09:30:00.120,20260408,93000120,000009.SZ,708807,2,0,8.84,100
2026-04-08 09:30:00.120,20260408,93000120,000009.SZ,710445,1,0,8.66,9700
2026-04-08 09:30:00.120,20260408,93000120,000009.SZ,710533,2,0,8.67,1100
2026-04-08 09:30:00.120,20260408,93000120,000009.SZ,710737,1,0,8.0,100
2026-04-08 09:30:00.120,20260408,93000120,000009.SZ,712210,2,0,8.78,10000
2026-04-08 09:30:00.130,20260408,93000130,000009.SZ,713057,2,0,9.04,200
2026-04-08 09:30:00.130,20260408,93000130,000009.SZ,714901,2,0,8.62,200
2026-04-08 09:30:00.130,20260408,93000130,000009.SZ,716985,1,0,8.55,4000
2026-04-08 09:30:00.140,20260408,93000140,000009.SZ,717386,2,0,9.0,1000
2026-04-08 09:30:00.140,20260408,93000140,000009.SZ,720225,1,0,8.66,3700
2026-04-08 09:30:00.140,20260408,93000140,000009.SZ,720860,1,0,8.67,10000
2026-04-08 09:30:00.150,20260408,93000150,000009.SZ,723136,2,0,9.0,1500
2026-04-08 09:30:00.150,20260408,93000150,000009.SZ,724663,2,0,8.7,1000
2026-04-08 09:30:00.150,20260408,93000150,000009.SZ,727355,2,0,8.67,12400
2026-04-08 09:30:00.160,20260408,93000160,000009.SZ,728022,1,0,8.63,200
2026-04-08 09:30:00.160,20260408,93000160,000009.SZ,728316,2,0,8.65,3500
2026-04-08 09:30:00.160,20260408,93000160,000009.SZ,728320,2,0,8.65,700
2026-04-08 09:30:00.160,20260408,93000160,000009.SZ,729884,2,0,8.78,500
2026-04-08 09:30:00.160,20260408,93000160,000009.SZ,730555,2,0,8.67,2500
2026-04-08 09:30:00.160,20260408,93000160,000009.SZ,730576,1,0,8.62,200
2026-04-08 09:30:00.160,20260408,93000160,000009.SZ,731138,2,0,9.1,5000
2026-04-08 09:30:00.170,20260408,93000170,000009.SZ,737313,2,0,8.73,500
2026-04-08 09:30:00.170,20260408,93000170,000009.SZ,737942,2,0,9.35,600
2026-04-08 09:30:00.170,20260408,93000170,000009.SZ,738050,2,0,8.66,200
2026-04-08 09:30:00.180,20260408,93000180,000009.SZ,740513,1,0,8.51,10000
2026-04-08 09:30:00.180,20260408,93000180,000009.SZ,741362,2,0,8.71,1000
2026-04-08 09:30:00.190,20260408,93000190,000009.SZ,743607,1,0,8.62,1000
2026-04-08 09:30:00.200,20260408,93000200,000009.SZ,750423,2,0,8.95,1900
2026-04-08 09:30:00.200,20260408,93000200,000009.SZ,750851,1,0,8.63,10000
2026-04-08 09:30:00.200,20260408,93000200,000009.SZ,750891,1,0,8.67,20000
2026-04-08 09:30:00.200,20260408,93000200,000009.SZ,751673,2,0,9.21,3000
2026-04-08 09:30:00.210,20260408,93000210,000009.SZ,752928,2,0,9.34,2100
2026-04-08 09:30:00.210,20260408,93000210,000009.SZ,754520,2,0,9.35,6000
2026-04-08 09:30:00.210,20260408,93000210,000009.SZ,755686,2,0,8.69,1700
2026-04-08 09:30:00.210,20260408,93000210,000009.SZ,755875,2,0,8.68,1700
2026-04-08 09:30:00.210,20260408,93000210,000009.SZ,755988,2,0,8.67,1700
2026-04-08 09:30:00.210,20260408,93000210,000009.SZ,756510,2,0,8.7,1700
2026-04-08 09:30:00.220,20260408,93000220,000009.SZ,759436,2,0,8.73,1000
2026-04-08 09:30:00.220,20260408,93000220,000009.SZ,760367,2,0,8.7,1000
2026-04-08 09:30:00.220,20260408,93000220,000009.SZ,760815,2,0,8.65,1000
2026-04-08 09:30:00.230,20260408,93000230,000009.SZ,763812,1,0,8.66,1000
2026-04-08 09:30:00.240,20260408,93000240,000009.SZ,766025,1,0,8.68,3000
2026-04-08 09:30:00.240,20260408,93000240,000009.SZ,766082,1,0,8.69,3000
2026-04-08 09:30:00.240,20260408,93000240,000009.SZ,766555,1,0,8.5,1000
2026-04-08 09:30:00.250,20260408,93000250,000009.SZ,770090,2,0,8.65,2000
2026-04-08 09:30:00.250,20260408,93000250,000009.SZ,770977,2,0,8.65,200
2026-04-08 09:30:00.250,20260408,93000250,000009.SZ,772828,2,0,9.03,100
2026-04-08 09:30:00.250,20260408,93000250,000009.SZ,773459,1,0,8.7,3000
2026-04-08 09:30:00.260,20260408,93000260,000009.SZ,776955,2,0,8.77,1000
2026-04-08 09:30:00.260,20260408,93000260,000009.SZ,777376,2,0,8.71,1000
2026-04-08 09:30:00.270,20260408,93000270,000009.SZ,779349,2,0,9.35,500
2026-04-08 09:30:00.280,20260408,93000280,000009.SZ,784105,2,0,8.65,1000
2026-04-08 09:30:00.280,20260408,93000280,000009.SZ,784169,2,0,8.69,1000
2026-04-08 09:30:00.290,20260408,93000290,000009.SZ,785729,2,0,9.35,2000
2026-04-08 09:30:00.290,20260408,93000290,000009.SZ,786688,2,0,8.77,16900
2026-04-08 09:30:00.290,20260408,93000290,000009.SZ,787210,2,0,8.88,700
2026-04-08 09:30:00.290,20260408,93000290,000009.SZ,788732,1,0,8.67,300
2026-04-08 09:30:00.290,20260408,93000290,000009.SZ,788839,2,0,8.65,800
2026-04-08 09:30:00.310,20260408,93000310,000009.SZ,792467,2,0,8.79,1000
2026-04-08 09:30:00.310,20260408,93000310,000009.SZ,792754,2,0,8.67,1500
2026-04-08 09:30:00.310,20260408,93000310,000009.SZ,792878,1,0,8.66,500
2026-04-08 09:30:00.310,20260408,93000310,000009.SZ,793087,1,0,8.68,300
2026-04-08 09:30:00.320,20260408,93000320,000009.SZ,795554,1,0,8.66,10000
2026-04-08 09:30:00.320,20260408,93000320,000009.SZ,796227,2,0,8.66,1000
2026-04-08 09:30:00.330,20260408,93000330,000009.SZ,799788,2,0,8.7,1200
2026-04-08 09:30:00.330,20260408,93000330,000009.SZ,799985,2,0,8.68,3000
2026-04-08 09:30:00.340,20260408,93000340,000009.SZ,801062,2,0,9.35,20800
2026-04-08 09:30:00.350,20260408,93000350,000009.SZ,803454,2,0,8.67,9400
2026-04-08 09:30:00.350,20260408,93000350,000009.SZ,804423,1,0,8.66,3000
2026-04-08 09:30:00.350,20260408,93000350,000009.SZ,805686,2,0,8.76,1000
2026-04-08 09:30:00.360,20260408,93000360,000009.SZ,807376,1,0,8.63,2000
2026-04-08 09:30:00.360,20260408,93000360,000009.SZ,807434,2,0,8.7,500
2026-04-08 09:30:00.370,20260408,93000370,000009.SZ,808763,2,0,8.75,300
2026-04-08 09:30:00.370,20260408,93000370,000009.SZ,808791,2,0,8.65,1200
2026-04-08 09:30:00.370,20260408,93000370,000009.SZ,810136,1,0,8.66,900
2026-04-08 09:30:00.370,20260408,93000370,000009.SZ,810457,1,0,8.68,300
2026-04-08 09:30:00.370,20260408,93000370,000009.SZ,810767,1,0,8.68,300
2026-04-08 09:30:00.370,20260408,93000370,000009.SZ,811356,2,0,9.35,600
2026-04-08 09:30:00.370,20260408,93000370,000009.SZ,811420,2,0,9.3,300
2026-04-08 09:30:00.370,20260408,93000370,000009.SZ,811504,1,0,8.66,500
2026-04-08 09:30:00.370,20260408,93000370,000009.SZ,811552,1,0,8.66,200
2026-04-08 09:30:00.370,20260408,93000370,000009.SZ,811631,1,0,8.66,100
2026-04-08 09:30:00.380,20260408,93000380,000009.SZ,812228,2,0,9.09,1000
2026-04-08 09:30:00.380,20260408,93000380,000009.SZ,812584,2,0,8.86,1300
2026-04-08 09:30:00.380,20260408,93000380,000009.SZ,813516,2,0,9.08,200
2026-04-08 09:30:00.380,20260408,93000380,000009.SZ,813797,1,0,8.66,100
2026-04-08 09:30:00.380,20260408,93000380,000009.SZ,813808,1,0,8.66,100
2026-04-08 09:30:00.390,20260408,93000390,000009.SZ,815019,1,0,8.66,30500
2026-04-08 09:30:00.390,20260408,93000390,000009.SZ,815261,2,0,9.35,500
2026-04-08 09:30:00.390,20260408,93000390,000009.SZ,815302,2,0,8.87,1100
2026-04-08 09:30:00.390,20260408,93000390,000009.SZ,815980,2,0,8.73,6300
2026-04-08 09:30:00.400,20260408,93000400,000009.SZ,818226,1,0,8.66,100
2026-04-08 09:30:00.400,20260408,93000400,000009.SZ,818925,1,0,8.66,100
2026-04-08 09:30:00.410,20260408,93000410,000009.SZ,819140,2,0,9.08,2100
2026-04-08 09:30:00.410,20260408,93000410,000009.SZ,820152,1,0,8.66,100
2026-04-08 09:30:00.420,20260408,93000420,000009.SZ,822088,2,0,8.68,1300
2026-04-08 09:30:00.420,20260408,93000420,000009.SZ,823236,2,0,8.75,13000
2026-04-08 09:30:00.430,20260408,93000430,000009.SZ,824066,2,0,8.8,600
2026-04-08 09:30:00.430,20260408,93000430,000009.SZ,824346,2,0,8.7,2000
2026-04-08 09:30:00.430,20260408,93000430,000009.SZ,825124,2,0,8.65,2000
2026-04-08 09:30:00.440,20260408,93000440,000009.SZ,826934,1,0,8.66,100
2026-04-08 09:30:00.440,20260408,93000440,000009.SZ,827820,2,0,8.95,800
2026-04-08 09:30:00.450,20260408,93000450,000009.SZ,828612,1,0,8.66,100
2026-04-08 09:30:00.460,20260408,93000460,000009.SZ,830976,2,0,9.35,3200
2026-04-08 09:30:00.460,20260408,93000460,000009.SZ,831207,2,0,8.87,1000
2026-04-08 09:30:00.460,20260408,93000460,000009.SZ,832581,2,0,8.65,1000
2026-04-08 09:30:00.460,20260408,93000460,000009.SZ,832731,2,0,8.65,6000
2026-04-08 09:30:00.470,20260408,93000470,000009.SZ,833262,2,0,8.65,700
2026-04-08 09:30:00.470,20260408,93000470,000009.SZ,833564,2,0,8.69,600
2026-04-08 09:30:00.470,20260408,93000470,000009.SZ,833668,2,0,9.0,8000
2026-04-08 09:30:00.470,20260408,93000470,000009.SZ,834413,1,0,8.69,3000
2026-04-08 09:30:00.480,20260408,93000480,000009.SZ,835983,1,0,8.5,300
2026-04-08 09:30:00.490,20260408,93000490,000009.SZ,837215,2,0,8.88,100
2026-04-08 09:30:00.490,20260408,93000490,000009.SZ,837346,2,0,8.65,500
2026-04-08 09:30:00.490,20260408,93000490,000009.SZ,837939,2,0,9.0,10000
2026-04-08 09:30:00.490,20260408,93000490,000009.SZ,839152,2,0,8.66,300
2026-04-08 09:30:00.490,20260408,93000490,000009.SZ,839470,2,0,8.73,200
2026-04-08 09:30:00.500,20260408,93000500,000009.SZ,839631,2,0,8.7,2100
2026-04-08 09:30:00.500,20260408,93000500,000009.SZ,840702,2,0,8.93,1000
2026-04-08 09:30:00.500,20260408,93000500,000009.SZ,841318,2,0,9.32,500
2026-04-08 09:30:00.500,20260408,93000500,000009.SZ,841551,1,0,8.65,200
2026-04-08 09:30:00.510,20260408,93000510,000009.SZ,842523,2,0,8.66,900
2026-04-08 09:30:00.520,20260408,93000520,000009.SZ,844121,2,0,8.66,100
2026-04-08 09:30:00.520,20260408,93000520,000009.SZ,844323,1,0,8.66,400
2026-04-08 09:30:00.520,20260408,93000520,000009.SZ,844546,2,0,8.9,2000
2026-04-08 09:30:00.520,20260408,93000520,000009.SZ,845601,1,0,8.66,100
2026-04-08 09:30:00.520,20260408,93000520,000009.SZ,845602,1,0,8.66,100
2026-04-08 09:30:00.520,20260408,93000520,000009.SZ,845610,1,0,8.66,100
2026-04-08 09:30:00.530,20260408,93000530,000009.SZ,846655,2,0,8.65,5000
2026-04-08 09:30:00.530,20260408,93000530,000009.SZ,847584,2,0,9.1,4300
2026-04-08 09:30:00.530,20260408,93000530,000009.SZ,848252,2,0,8.67,300
2026-04-08 09:30:00.540,20260408,93000540,000009.SZ,849890,1,0,8.63,1200
2026-04-08 09:30:00.550,20260408,93000550,000009.SZ,851313,2,0,9.1,100
2026-04-08 09:30:00.550,20260408,93000550,000009.SZ,851345,2,0,9.07,1000
2026-04-08 09:30:00.550,20260408,93000550,000009.SZ,851694,2,0,8.72,200
2026-04-08 09:30:00.550,20260408,93000550,000009.SZ,852421,2,0,8.93,100
2026-04-08 09:30:00.550,20260408,93000550,000009.SZ,853382,2,0,9.35,4000
2026-04-08 09:30:00.560,20260408,93000560,000009.SZ,853769,1,0,8.66,100
2026-04-08 09:30:00.560,20260408,93000560,000009.SZ,853928,2,0,8.76,1100
2026-04-08 09:30:00.560,20260408,93000560,000009.SZ,854114,2,0,8.8,1000
2026-04-08 09:30:00.560,20260408,93000560,000009.SZ,854467,1,0,8.66,300
2026-04-08 09:30:00.560,20260408,93000560,000009.SZ,854657,2,0,8.78,4200
2026-04-08 09:30:00.560,20260408,93000560,000009.SZ,855031,2,0,8.65,500
2026-04-08 09:30:00.570,20260408,93000570,000009.SZ,855834,2,0,8.76,3500
2026-04-08 09:30:00.580,20260408,93000580,000009.SZ,858257,2,0,8.76,2500
2026-04-08 09:30:00.590,20260408,93000590,000009.SZ,860414,1,0,8.66,100
2026-04-08 09:30:00.600,20260408,93000600,000009.SZ,861405,2,0,8.67,1000
2026-04-08 09:30:00.610,20260408,93000610,000009.SZ,863325,2,0,8.71,1700
2026-04-08 09:30:00.610,20260408,93000610,000009.SZ,863429,2,0,8.72,500
2026-04-08 09:30:00.610,20260408,93000610,000009.SZ,863613,2,0,8.72,1700
2026-04-08 09:30:00.610,20260408,93000610,000009.SZ,863929,2,0,8.73,1700
2026-04-08 09:30:00.610,20260408,93000610,000009.SZ,864283,2,0,8.75,1700
2026-04-08 09:30:00.610,20260408,93000610,000009.SZ,864407,2,0,8.65,6300
2026-04-08 09:30:00.610,20260408,93000610,000009.SZ,864520,2,0,8.77,2700
2026-04-08 09:30:00.610,20260408,93000610,000009.SZ,864783,2,0,8.78,1700
2026-04-08 09:30:00.610,20260408,93000610,000009.SZ,865049,2,0,8.79,1700
2026-04-08 09:30:00.620,20260408,93000620,000009.SZ,865465,2,0,8.67,700
2026-04-08 09:30:00.630,20260408,93000630,000009.SZ,867920,2,0,9.0,2000
2026-04-08 09:30:00.630,20260408,93000630,000009.SZ,868599,2,0,8.8,1000
2026-04-08 09:30:00.640,20260408,93000640,000009.SZ,869541,2,0,9.1,1000
2026-04-08 09:30:00.640,20260408,93000640,000009.SZ,870188,2,0,8.7,3500
2026-04-08 09:30:00.640,20260408,93000640,000009.SZ,870212,2,0,8.8,1700
2026-04-08 09:30:00.640,20260408,93000640,000009.SZ,870389,2,0,8.65,1000
2026-04-08 09:30:00.640,20260408,93000640,000009.SZ,870479,2,0,9.35,5000
2026-04-08 09:30:00.640,20260408,93000640,000009.SZ,870934,2,0,8.81,1700
2026-04-08 09:30:00.640,20260408,93000640,000009.SZ,870978,1,0,8.57,500
2026-04-08 09:30:00.640,20260408,93000640,000009.SZ,871012,2,0,8.88,2700
2026-04-08 09:30:00.660,20260408,93000660,000009.SZ,875038,2,0,8.75,100
2026-04-08 09:30:00.680,20260408,93000680,000009.SZ,879683,2,0,8.9,500
2026-04-08 09:30:00.700,20260408,93000700,000009.SZ,884442,1,0,8.65,200
2026-04-08 09:30:00.710,20260408,93000710,000009.SZ,885243,2,0,8.66,2000
2026-04-08 09:30:00.710,20260408,93000710,000009.SZ,885821,1,0,8.66,100
2026-04-08 09:30:00.720,20260408,93000720,000009.SZ,888238,2,0,8.98,500
2026-04-08 09:30:00.730,20260408,93000730,000009.SZ,890019,1,0,8.6,300
2026-04-08 09:30:00.740,20260408,93000740,000009.SZ,890634,2,0,8.7,2300
2026-04-08 09:30:00.740,20260408,93000740,000009.SZ,891026,2,0,8.66,8500
2026-04-08 09:30:00.740,20260408,93000740,000009.SZ,891670,2,0,9.13,2000
2026-04-08 09:30:00.750,20260408,93000750,000009.SZ,892515,2,0,8.71,5000
2026-04-08 09:30:00.750,20260408,93000750,000009.SZ,892734,1,0,8.5,3000
2026-04-08 09:30:00.750,20260408,93000750,000009.SZ,892875,2,0,9.35,4000
2026-04-08 09:30:00.760,20260408,93000760,000009.SZ,893558,2,0,8.73,179500
2026-04-08 09:30:00.760,20260408,93000760,000009.SZ,894014,2,0,8.75,500
2026-04-08 09:30:00.770,20260408,93000770,000009.SZ,895794,2,0,8.72,400
2026-04-08 09:30:00.770,20260408,93000770,000009.SZ,896008,2,0,8.7,3000
2026-04-08 09:30:00.780,20260408,93000780,000009.SZ,897140,2,0,8.65,1000
2026-04-08 09:30:00.790,20260408,93000790,000009.SZ,897429,2,0,8.65,2000
2026-04-08 09:30:00.790,20260408,93000790,000009.SZ,897613,2,0,8.72,2000
2026-04-08 09:30:00.790,20260408,93000790,000009.SZ,897789,2,0,8.68,1000
2026-04-08 09:30:00.790,20260408,93000790,000009.SZ,898069,1,0,8.62,2500
2026-04-08 09:30:00.790,20260408,93000790,000009.SZ,898159,2,0,9.2,1000
2026-04-08 09:30:00.790,20260408,93000790,000009.SZ,898205,2,0,8.66,1000
2026-04-08 09:30:00.790,20260408,93000790,000009.SZ,898350,2,0,9.34,6600
2026-04-08 09:30:00.800,20260408,93000800,000009.SZ,899593,1,0,8.65,4900
2026-04-08 09:30:00.810,20260408,93000810,000009.SZ,901037,2,0,8.65,1500
2026-04-08 09:30:00.820,20260408,93000820,000009.SZ,902886,2,0,8.95,100
2026-04-08 09:30:00.870,20260408,93000870,000009.SZ,913850,2,0,8.65,300
2026-04-08 09:30:00.890,20260408,93000890,000009.SZ,917533,2,0,9.35,30000
2026-04-08 09:30:00.910,20260408,93000910,000009.SZ,920303,1,0,8.67,100
2026-04-08 09:30:00.920,20260408,93000920,000009.SZ,920682,2,0,8.8,500
2026-04-08 09:30:00.920,20260408,93000920,000009.SZ,920932,2,0,8.65,600
2026-04-08 09:30:00.930,20260408,93000930,000009.SZ,923102,2,0,8.8,100
2026-04-08 09:30:00.930,20260408,93000930,000009.SZ,923353,2,0,9.0,600
2026-04-08 09:30:00.940,20260408,93000940,000009.SZ,923465,2,0,9.35,6000
2026-04-08 09:30:00.940,20260408,93000940,000009.SZ,923854,2,0,8.88,1000
2026-04-08 09:30:00.940,20260408,93000940,000009.SZ,924610,2,0,8.67,200
2026-04-08 09:30:00.950,20260408,93000950,000009.SZ,924938,2,0,8.69,700
2026-04-08 09:30:00.960,20260408,93000960,000009.SZ,926669,1,0,8.61,2700
2026-04-08 09:30:00.960,20260408,93000960,000009.SZ,927159,2,0,9.11,3900
2026-04-08 09:30:00.960,20260408,93000960,000009.SZ,927582,2,0,8.75,1000
2026-04-08 09:30:00.970,20260408,93000970,000009.SZ,928511,1,0,8.66,500
2026-04-08 09:30:00.980,20260408,93000980,000009.SZ,929709,2,0,8.69,600
2026-04-08 09:30:00.990,20260408,93000990,000009.SZ,930411,2,0,8.66,2400
2026-04-08 09:30:01.010,20260408,93001010,000009.SZ,933219,2,0,9.35,300
2026-04-08 09:30:01.020,20260408,93001020,000009.SZ,934758,2,0,8.75,2600
2026-04-08 09:30:01.020,20260408,93001020,000009.SZ,936337,2,0,8.65,2800
2026-04-08 09:30:01.020,20260408,93001020,000009.SZ,936407,2,0,8.66,5200
2026-04-08 09:30:01.040,20260408,93001040,000009.SZ,938658,2,0,9.35,2000
2026-04-08 09:30:01.050,20260408,93001050,000009.SZ,939938,2,0,8.67,1200
2026-04-08 09:30:01.050,20260408,93001050,000009.SZ,940143,1,0,8.66,300
2026-04-08 09:30:01.060,20260408,93001060,000009.SZ,941105,2,0,8.9,34100
2026-04-08 09:30:01.070,20260408,93001070,000009.SZ,942767,1,0,8.66,2000
2026-04-08 09:30:01.080,20260408,93001080,000009.SZ,944236,2,0,8.99,50000
2026-04-08 09:30:01.080,20260408,93001080,000009.SZ,944586,2,0,8.88,500
2026-04-08 09:30:01.080,20260408,93001080,000009.SZ,944882,2,0,9.35,4300
2026-04-08 09:30:01.100,20260408,93001100,000009.SZ,948181,2,0,8.75,400
2026-04-08 09:30:01.110,20260408,93001110,000009.SZ,949144,2,0,8.65,2800
2026-04-08 09:30:01.120,20260408,93001120,000009.SZ,950435,1,0,8.67,700
2026-04-08 09:30:01.140,20260408,93001140,000009.SZ,953140,2,0,8.97,1600
2026-04-08 09:30:01.140,20260408,93001140,000009.SZ,953568,2,0,8.99,90000
2026-04-08 09:30:01.160,20260408,93001160,000009.SZ,955272,1,0,8.69,900
2026-04-08 09:30:01.190,20260408,93001190,000009.SZ,958620,2,0,8.65,24000
2026-04-08 09:30:01.200,20260408,93001200,000009.SZ,959894,2,0,9.35,9600
2026-04-08 09:30:01.210,20260408,93001210,000009.SZ,961606,2,0,9.0,50000
2026-04-08 09:30:01.210,20260408,93001210,000009.SZ,962034,2,0,8.74,300
2026-04-08 09:30:01.210,20260408,93001210,000009.SZ,962080,1,0,8.45,200
2026-04-08 09:30:01.220,20260408,93001220,000009.SZ,962687,2,0,9.15,100
2026-04-08 09:30:01.220,20260408,93001220,000009.SZ,963820,1,0,8.66,300
2026-04-08 09:30:01.230,20260408,93001230,000009.SZ,964147,2,0,8.62,200
2026-04-08 09:30:01.230,20260408,93001230,000009.SZ,964149,1,0,8.48,200
2026-04-08 09:30:01.230,20260408,93001230,000009.SZ,964610,2,0,8.72,5900
2026-04-08 09:30:01.230,20260408,93001230,000009.SZ,965001,2,0,8.66,3100
2026-04-08 09:30:01.250,20260408,93001250,000009.SZ,966628,2,0,9.35,300
2026-04-08 09:30:01.260,20260408,93001260,000009.SZ,968169,1,0,8.66,100
2026-04-08 09:30:01.270,20260408,93001270,000009.SZ,969513,2,0,8.9,2000
2026-04-08 09:30:01.290,20260408,93001290,000009.SZ,972233,2,0,9.06,400
2026-04-08 09:30:01.300,20260408,93001300,000009.SZ,973623,2,0,9.15,4400
2026-04-08 09:30:01.310,20260408,93001310,000009.SZ,974543,2,0,8.65,400
2026-04-08 09:30:01.310,20260408,93001310,000009.SZ,975565,1,0,8.66,2100
2026-04-08 09:30:01.310,20260408,93001310,000009.SZ,975607,1,0,8.6,1000
2026-04-08 09:30:01.320,20260408,93001320,000009.SZ,976737,2,0,8.65,2000
2026-04-08 09:30:01.330,20260408,93001330,000009.SZ,977571,2,0,8.88,800
2026-04-08 09:30:01.330,20260408,93001330,000009.SZ,978151,2,0,8.9,500
2026-04-08 09:30:01.340,20260408,93001340,000009.SZ,978642,2,0,8.7,900
2026-04-08 09:30:01.350,20260408,93001350,000009.SZ,979501,2,0,8.76,9300
2026-04-08 09:30:01.350,20260408,93001350,000009.SZ,980576,2,0,8.68,100
2026-04-08 09:30:01.350,20260408,93001350,000009.SZ,980658,1,0,8.66,1000
2026-04-08 09:30:01.360,20260408,93001360,000009.SZ,980965,2,0,9.1,500
2026-04-08 09:30:01.360,20260408,93001360,000009.SZ,980975,2,0,8.69,1000
2026-04-08 09:30:01.360,20260408,93001360,000009.SZ,981319,2,0,8.68,1500
2026-04-08 09:30:01.370,20260408,93001370,000009.SZ,982233,2,0,8.65,8000
2026-04-08 09:30:01.380,20260408,93001380,000009.SZ,983690,2,0,8.65,2000
2026-04-08 09:30:01.390,20260408,93001390,000009.SZ,985502,1,0,8.66,1000
2026-04-08 09:30:01.400,20260408,93001400,000009.SZ,986896,2,0,9.3,1000
2026-04-08 09:30:01.410,20260408,93001410,000009.SZ,987679,2,0,8.76,2000
2026-04-08 09:30:01.410,20260408,93001410,000009.SZ,988182,2,0,8.99,3000
2026-04-08 09:30:01.410,20260408,93001410,000009.SZ,988269,2,0,9.35,4000
2026-04-08 09:30:01.420,20260408,93001420,000009.SZ,989399,2,0,8.65,100
2026-04-08 09:30:01.430,20260408,93001430,000009.SZ,990394,2,0,9.35,200
2026-04-08 09:30:01.430,20260408,93001430,000009.SZ,990939,2,0,8.8,600
2026-04-08 09:30:01.440,20260408,93001440,000009.SZ,992768,2,0,8.95,1000
2026-04-08 09:30:01.460,20260408,93001460,000009.SZ,994954,2,0,8.68,900
2026-04-08 09:30:01.460,20260408,93001460,000009.SZ,995285,2,0,9.1,3300
2026-04-08 09:30:01.460,20260408,93001460,000009.SZ,995402,1,0,8.58,1000
2026-04-08 09:30:01.470,20260408,93001470,000009.SZ,995899,1,0,8.65,3000
2026-04-08 09:30:01.470,20260408,93001470,000009.SZ,995932,2,0,9.19,10000
2026-04-08 09:30:01.490,20260408,93001490,000009.SZ,997897,2,0,8.65,6000
2026-04-08 09:30:01.490,20260408,93001490,000009.SZ,998654,2,0,9.34,1100
2026-04-08 09:30:01.510,20260408,93001510,000009.SZ,1000065,2,0,9.0,10000
2026-04-08 09:30:01.550,20260408,93001550,000009.SZ,1005176,2,0,9.0,1000
2026-04-08 09:30:01.570,20260408,93001570,000009.SZ,1007618,1,0,8.57,5000
2026-04-08 09:30:01.570,20260408,93001570,000009.SZ,1007666,2,0,8.7,1000
2026-04-08 09:30:01.570,20260408,93001570,000009.SZ,1007674,2,0,8.8,6000
2026-04-08 09:30:01.600,20260408,93001600,000009.SZ,1009890,2,0,8.81,5000
2026-04-08 09:30:01.600,20260408,93001600,000009.SZ,1010714,2,0,8.66,5000
2026-04-08 09:30:01.610,20260408,93001610,000009.SZ,1011551,2,0,8.85,1700
2026-04-08 09:30:01.610,20260408,93001610,000009.SZ,1011856,2,0,8.69,600
2026-04-08 09:30:01.630,20260408,93001630,000009.SZ,1013939,2,0,8.68,1000
2026-04-08 09:30:01.630,20260408,93001630,000009.SZ,1014667,1,0,8.66,100
2026-04-08 09:30:01.640,20260408,93001640,000009.SZ,1016127,2,0,8.68,900
2026-04-08 09:30:01.650,20260408,93001650,000009.SZ,1017155,2,0,8.65,100
2026-04-08 09:30:01.650,20260408,93001650,000009.SZ,1017526,2,0,8.82,200
2026-04-08 09:30:01.670,20260408,93001670,000009.SZ,1020894,2,0,8.76,1200
2026-04-08 09:30:01.680,20260408,93001680,000009.SZ,1022007,1,0,8.67,2000
2026-04-08 09:30:01.710,20260408,93001710,000009.SZ,1025836,2,0,8.65,200
2026-04-08 09:30:01.720,20260408,93001720,000009.SZ,1027758,2,0,8.84,1100
2026-04-08 09:30:01.730,20260408,93001730,000009.SZ,1028552,2,0,8.67,2400
2026-04-08 09:30:01.760,20260408,93001760,000009.SZ,1031327,2,0,8.66,3000
2026-04-08 09:30:01.770,20260408,93001770,000009.SZ,1033040,2,0,8.67,5000
2026-04-08 09:30:01.780,20260408,93001780,000009.SZ,1034134,2,0,8.72,3000
2026-04-08 09:30:01.790,20260408,93001790,000009.SZ,1035194,2,0,9.1,5000
2026-04-08 09:30:01.800,20260408,93001800,000009.SZ,1036198,2,0,9.15,5000
2026-04-08 09:30:01.810,20260408,93001810,000009.SZ,1037407,1,0,8.5,3000
2026-04-08 09:30:01.830,20260408,93001830,000009.SZ,1038686,2,0,8.66,100
2026-04-08 09:30:01.830,20260408,93001830,000009.SZ,1039007,1,0,8.66,100
2026-04-08 09:30:01.830,20260408,93001830,000009.SZ,1039026,1,0,8.61,400
2026-04-08 09:30:01.830,20260408,93001830,000009.SZ,1039630,2,0,9.08,4000
2026-04-08 09:30:01.840,20260408,93001840,000009.SZ,1039860,1,0,8.68,1000
2026-04-08 09:30:01.850,20260408,93001850,000009.SZ,1041448,2,0,9.2,600
2026-04-08 09:30:01.860,20260408,93001860,000009.SZ,1042653,2,0,9.35,1000
2026-04-08 09:30:01.870,20260408,93001870,000009.SZ,1043513,2,0,8.64,100
2026-04-08 09:30:01.890,20260408,93001890,000009.SZ,1046848,2,0,8.65,1000
2026-04-08 09:30:01.890,20260408,93001890,000009.SZ,1047553,1,0,8.56,500
2026-04-08 09:30:01.910,20260408,93001910,000009.SZ,1049755,2,0,9.29,1000
2026-04-08 09:30:01.920,20260408,93001920,000009.SZ,1050975,2,0,8.8,1000
2026-04-08 09:30:01.940,20260408,93001940,000009.SZ,1052833,1,0,8.5,3000
2026-04-08 09:30:01.960,20260408,93001960,000009.SZ,1054852,2,0,8.67,1000
2026-04-08 09:30:01.960,20260408,93001960,000009.SZ,1054996,1,0,8.6,500
2026-04-08 09:30:01.960,20260408,93001960,000009.SZ,1055252,2,0,9.35,1500
2026-04-08 09:30:01.960,20260408,93001960,000009.SZ,1055561,1,0,8.58,2300
2026-04-08 09:30:02.020,20260408,93002020,000009.SZ,1061349,1,0,8.66,50000
2026-04-08 09:30:02.060,20260408,93002060,000009.SZ,1067398,2,0,8.92,3800
2026-04-08 09:30:02.070,20260408,93002070,000009.SZ,1069171,1,0,8.66,300
2026-04-08 09:30:02.070,20260408,93002070,000009.SZ,1069238,2,0,9.35,100000
2026-04-08 09:30:02.080,20260408,93002080,000009.SZ,1070742,1,0,8.66,900
2026-04-08 09:30:02.110,20260408,93002110,000009.SZ,1074346,2,0,8.7,8700
2026-04-08 09:30:02.120,20260408,93002120,000009.SZ,1074562,2,0,9.35,5000
2026-04-08 09:30:02.140,20260408,93002140,000009.SZ,1076703,2,0,8.65,7000
2026-04-08 09:30:02.190,20260408,93002190,000009.SZ,1080860,1,0,8.6,3000
2026-04-08 09:30:02.200,20260408,93002200,000009.SZ,1081565,2,0,8.65,400
2026-04-08 09:30:02.200,20260408,93002200,000009.SZ,1081649,2,0,8.8,7500
2026-04-08 09:30:02.210,20260408,93002210,000009.SZ,1082647,2,0,8.9,2000
2026-04-08 09:30:02.210,20260408,93002210,000009.SZ,1083124,2,0,8.8,1000
2026-04-08 09:30:02.210,20260408,93002210,000009.SZ,1083413,2,0,9.35,100000
2026-04-08 09:30:02.220,20260408,93002220,000009.SZ,1083918,2,0,8.9,500
2026-04-08 09:30:02.220,20260408,93002220,000009.SZ,1084603,1,0,8.68,1200
2026-04-08 09:30:02.240,20260408,93002240,000009.SZ,1085914,1,0,8.61,600
2026-04-08 09:30:02.240,20260408,93002240,000009.SZ,1086423,2,0,8.66,5000
2026-04-08 09:30:02.240,20260408,93002240,000009.SZ,1086684,2,0,8.66,1000
2026-04-08 09:30:02.280,20260408,93002280,000009.SZ,1090281,2,0,8.87,400
2026-04-08 09:30:02.280,20260408,93002280,000009.SZ,1090781,1,0,8.69,3000
2026-04-08 09:30:02.280,20260408,93002280,000009.SZ,1090865,2,0,8.88,4500
2026-04-08 09:30:02.310,20260408,93002310,000009.SZ,1093045,2,0,9.13,3000
2026-04-08 09:30:02.320,20260408,93002320,000009.SZ,1093595,2,0,9.35,500
2026-04-08 09:30:02.330,20260408,93002330,000009.SZ,1095069,1,0,8.4,500
2026-04-08 09:30:02.340,20260408,93002340,000009.SZ,1095899,2,0,8.65,2500
2026-04-08 09:30:02.340,20260408,93002340,000009.SZ,1096334,2,0,8.66,1200
2026-04-08 09:30:02.350,20260408,93002350,000009.SZ,1096909,2,0,8.72,2000
2026-04-08 09:30:02.360,20260408,93002360,000009.SZ,1097973,1,0,8.68,1300
2026-04-08 09:30:02.360,20260408,93002360,000009.SZ,1098049,2,0,8.69,200
2026-04-08 09:30:02.360,20260408,93002360,000009.SZ,1098171,2,0,9.3,500
2026-04-08 09:30:02.360,20260408,93002360,000009.SZ,1098250,1,0,8.4,2000
2026-04-08 09:30:02.380,20260408,93002380,000009.SZ,1099758,2,0,8.67,100
2026-04-08 09:30:02.410,20260408,93002410,000009.SZ,1102968,2,0,8.65,18300
2026-04-08 09:30:02.420,20260408,93002420,000009.SZ,1103731,2,0,9.35,500
2026-04-08 09:30:02.430,20260408,93002430,000009.SZ,1104499,2,0,9.35,600
2026-04-08 09:30:02.440,20260408,93002440,000009.SZ,1105749,2,0,8.96,3000
2026-04-08 09:30:02.480,20260408,93002480,000009.SZ,1108999,2,0,8.95,600
2026-04-08 09:30:02.480,20260408,93002480,000009.SZ,1109311,2,0,8.72,1900
2026-04-08 09:30:02.490,20260408,93002490,000009.SZ,1109790,2,0,8.69,600
2026-04-08 09:30:02.490,20260408,93002490,000009.SZ,1110271,1,0,8.35,500
2026-04-08 09:30:02.500,20260408,93002500,000009.SZ,1110610,2,0,8.66,100
2026-04-08 09:30:02.500,20260408,93002500,000009.SZ,1110647,2,0,9.0,200
2026-04-08 09:30:02.500,20260408,93002500,000009.SZ,1110939,1,0,8.66,200
2026-04-08 09:30:02.510,20260408,93002510,000009.SZ,1111481,2,0,8.67,100
2026-04-08 09:30:02.510,20260408,93002510,000009.SZ,1111505,2,0,8.66,100
2026-04-08 09:30:02.520,20260408,93002520,000009.SZ,1112293,2,0,9.28,3000
2026-04-08 09:30:02.560,20260408,93002560,000009.SZ,1116394,1,0,8.66,5600
2026-04-08 09:30:02.580,20260408,93002580,000009.SZ,1118079,2,0,9.0,2000
2026-04-08 09:30:02.590,20260408,93002590,000009.SZ,1119436,1,0,8.68,5700
2026-04-08 09:30:02.600,20260408,93002600,000009.SZ,1120450,1,0,8.6,1200
2026-04-08 09:30:02.600,20260408,93002600,000009.SZ,1120741,2,0,9.1,300
2026-04-08 09:30:02.620,20260408,93002620,000009.SZ,1123066,2,0,8.69,50000
2026-04-08 09:30:02.640,20260408,93002640,000009.SZ,1124310,2,0,8.65,600
2026-04-08 09:30:02.640,20260408,93002640,000009.SZ,1124376,1,0,8.6,300
2026-04-08 09:30:02.640,20260408,93002640,000009.SZ,1124578,2,0,8.63,500
2026-04-08 09:30:02.640,20260408,93002640,000009.SZ,1124848,2,0,9.35,1000
2026-04-08 09:30:02.650,20260408,93002650,000009.SZ,1126211,2,0,9.15,2400
2026-04-08 09:30:02.660,20260408,93002660,000009.SZ,1126600,2,0,8.75,17000
2026-04-08 09:30:02.670,20260408,93002670,000009.SZ,1128172,2,0,8.71,1200
2026-04-08 09:30:02.690,20260408,93002690,000009.SZ,1129253,2,0,8.49,100
2026-04-08 09:30:02.710,20260408,93002710,000009.SZ,1131001,2,0,9.35,1000
2026-04-08 09:30:02.710,20260408,93002710,000009.SZ,1131167,2,0,9.2,2000
2026-04-08 09:30:02.720,20260408,93002720,000009.SZ,1131675,1,0,8.5,200
2026-04-08 09:30:02.750,20260408,93002750,000009.SZ,1134823,2,0,9.35,700
2026-04-08 09:30:02.760,20260408,93002760,000009.SZ,1135214,2,0,9.2,5000
2026-04-08 09:30:02.770,20260408,93002770,000009.SZ,1135901,2,0,9.0,11700
2026-04-08 09:30:02.800,20260408,93002800,000009.SZ,1138366,2,0,8.7,1000
2026-04-08 09:30:02.810,20260408,93002810,000009.SZ,1138968,1,0,8.65,100
2026-04-08 09:30:02.830,20260408,93002830,000009.SZ,1139932,2,0,8.76,500
2026-04-08 09:30:02.830,20260408,93002830,000009.SZ,1140233,2,0,8.98,1700
2026-04-08 09:30:02.840,20260408,93002840,000009.SZ,1140915,2,0,9.35,3000
2026-04-08 09:30:02.850,20260408,93002850,000009.SZ,1141919,1,0,8.65,1000
2026-04-08 09:30:02.860,20260408,93002860,000009.SZ,1142508,2,0,8.68,1000
2026-04-08 09:30:02.920,20260408,93002920,000009.SZ,1148097,1,0,8.5,1000
2026-04-08 09:30:02.920,20260408,93002920,000009.SZ,1148468,2,0,9.35,1000
2026-04-08 09:30:02.940,20260408,93002940,000009.SZ,1150072,2,0,8.65,2200
2026-04-08 09:30:02.950,20260408,93002950,000009.SZ,1150323,2,0,8.86,200
2026-04-08 09:30:02.950,20260408,93002950,000009.SZ,1150425,2,0,8.75,2000
2026-04-08 09:30:02.990,20260408,93002990,000009.SZ,1154072,2,0,8.69,1000
2026-04-08 09:30:03.000,20260408,93003000,000009.SZ,1154631,2,0,8.74,4000
2026-04-08 09:30:03.020,20260408,93003020,000009.SZ,1156935,2,0,8.72,1200
2026-04-08 09:30:03.020,20260408,93003020,000009.SZ,1157469,2,0,8.66,3100
2026-04-08 09:30:03.030,20260408,93003030,000009.SZ,1158944,2,0,8.66,1100
2026-04-08 09:30:03.060,20260408,93003060,000009.SZ,1161476,2,0,8.76,2000
2026-04-08 09:30:03.070,20260408,93003070,000009.SZ,1162398,2,0,8.9,400
2026-04-08 09:30:03.080,20260408,93003080,000009.SZ,1163334,2,0,9.19,1000
2026-04-08 09:30:03.140,20260408,93003140,000009.SZ,1167988,2,0,8.65,3000
2026-04-08 09:30:03.150,20260408,93003150,000009.SZ,1168751,2,0,8.63,100
2026-04-08 09:30:03.160,20260408,93003160,000009.SZ,1169753,2,0,8.67,200
2026-04-08 09:30:03.170,20260408,93003170,000009.SZ,1170742,1,0,8.7,200
2026-04-08 09:30:03.210,20260408,93003210,000009.SZ,1174388,1,0,8.65,100
2026-04-08 09:30:03.230,20260408,93003230,000009.SZ,1176243,2,0,8.65,1000
2026-04-08 09:30:03.230,20260408,93003230,000009.SZ,1176245,2,0,8.76,500
2026-04-08 09:30:03.230,20260408,93003230,000009.SZ,1176287,2,0,8.86,500
2026-04-08 09:30:03.240,20260408,93003240,000009.SZ,1177293,1,0,8.68,500
2026-04-08 09:30:03.250,20260408,93003250,000009.SZ,1178233,2,0,9.28,200
2026-04-08 09:30:03.260,20260408,93003260,000009.SZ,1178837,2,0,9.34,4000
2026-04-08 09:30:03.270,20260408,93003270,000009.SZ,1179091,2,0,9.0,3000
2026-04-08 09:30:03.270,20260408,93003270,000009.SZ,1179979,2,0,8.91,2200
2026-04-08 09:30:03.270,20260408,93003270,000009.SZ,1180004,2,0,9.35,200
2026-04-08 09:30:03.320,20260408,93003320,000009.SZ,1183813,2,0,8.85,900
2026-04-08 09:30:03.340,20260408,93003340,000009.SZ,1185253,2,0,8.65,2000
2026-04-08 09:30:03.340,20260408,93003340,000009.SZ,1185581,1,0,8.56,100
2026-04-08 09:30:03.340,20260408,93003340,000009.SZ,1185683,2,0,8.7,500
2026-04-08 09:30:03.360,20260408,93003360,000009.SZ,1186996,2,0,8.63,1100
2026-04-08 09:30:03.380,20260408,93003380,000009.SZ,1190261,2,0,8.65,2000
2026-04-08 09:30:03.410,20260408,93003410,000009.SZ,1193083,2,0,8.67,500
2026-04-08 09:30:03.430,20260408,93003430,000009.SZ,1194617,2,0,8.99,6200
2026-04-08 09:30:03.430,20260408,93003430,000009.SZ,1195010,2,0,9.35,4000
2026-04-08 09:30:03.440,20260408,93003440,000009.SZ,1195565,2,0,9.1,10000
2026-04-08 09:30:03.450,20260408,93003450,000009.SZ,1196609,2,0,8.71,2000
2026-04-08 09:30:03.460,20260408,93003460,000009.SZ,1197594,2,0,8.99,100
2026-04-08 09:30:03.460,20260408,93003460,000009.SZ,1197628,2,0,8.67,7000
2026-04-08 09:30:03.510,20260408,93003510,000009.SZ,1201647,2,0,8.66,5000
2026-04-08 09:30:03.550,20260408,93003550,000009.SZ,1206721,2,0,8.66,1000
2026-04-08 09:30:03.560,20260408,93003560,000009.SZ,1207906,1,0,8.63,100
2026-04-08 09:30:03.620,20260408,93003620,000009.SZ,1213428,2,0,9.0,20000
2026-04-08 09:30:03.630,20260408,93003630,000009.SZ,1214700,2,0,9.31,2000
2026-04-08 09:30:03.630,20260408,93003630,000009.SZ,1215077,1,0,8.65,1200
2026-04-08 09:30:03.630,20260408,93003630,000009.SZ,1215189,2,0,8.64,500
2026-04-08 09:30:03.640,20260408,93003640,000009.SZ,1215776,2,0,8.95,1000
2026-04-08 09:30:03.640,20260408,93003640,000009.SZ,1215978,2,0,9.0,2000
2026-04-08 09:30:03.660,20260408,93003660,000009.SZ,1217242,2,0,8.65,2000
2026-04-08 09:30:03.680,20260408,93003680,000009.SZ,1218602,2,0,8.98,33200
2026-04-08 09:30:03.710,20260408,93003710,000009.SZ,1221326,2,0,8.65,100
2026-04-08 09:30:03.720,20260408,93003720,000009.SZ,1221693,1,0,8.63,800
2026-04-08 09:30:03.750,20260408,93003750,000009.SZ,1224286,1,0,8.66,11000
2026-04-08 09:30:03.800,20260408,93003800,000009.SZ,1227583,2,0,8.63,200
2026-04-08 09:30:03.800,20260408,93003800,000009.SZ,1227688,2,0,8.7,2000
2026-04-08 09:30:03.820,20260408,93003820,000009.SZ,1228937,2,0,8.63,1000
2026-04-08 09:30:03.820,20260408,93003820,000009.SZ,1229090,2,0,8.63,1700
2026-04-08 09:30:03.830,20260408,93003830,000009.SZ,1229307,2,0,8.63,300
2026-04-08 09:30:03.840,20260408,93003840,000009.SZ,1229951,2,0,9.09,500
2026-04-08 09:30:03.850,20260408,93003850,000009.SZ,1230873,1,0,8.66,5000
2026-04-08 09:30:03.870,20260408,93003870,000009.SZ,1232124,1,0,8.66,2000
2026-04-08 09:30:03.890,20260408,93003890,000009.SZ,1233454,1,0,8.65,1500
2026-04-08 09:30:03.900,20260408,93003900,000009.SZ,1234211,2,0,8.72,1000
2026-04-08 09:30:03.910,20260408,93003910,000009.SZ,1235128,2,0,9.33,900
2026-04-08 09:30:03.950,20260408,93003950,000009.SZ,1238192,2,0,9.35,1000
2026-04-08 09:30:03.950,20260408,93003950,000009.SZ,1238750,2,0,8.62,100
2026-04-08 09:30:03.950,20260408,93003950,000009.SZ,1238759,1,0,8.35,1000
2026-04-08 09:30:03.970,20260408,93003970,000009.SZ,1239622,2,0,9.35,3300
2026-04-08 09:30:03.970,20260408,93003970,000009.SZ,1239658,2,0,8.79,500
2026-04-08 09:30:04.020,20260408,93004020,000009.SZ,1243764,1,0,8.51,500
2026-04-08 09:30:04.020,20260408,93004020,000009.SZ,1244227,2,0,9.08,400
2026-04-08 09:30:04.040,20260408,93004040,000009.SZ,1245426,2,0,8.65,200
2026-04-08 09:30:04.040,20260408,93004040,000009.SZ,1245807,1,0,8.6,2000
2026-04-08 09:30:04.050,20260408,93004050,000009.SZ,1246417,2,0,8.62,9000
2026-04-08 09:30:04.060,20260408,93004060,000009.SZ,1246844,1,0,8.7,20000
2026-04-08 09:30:04.080,20260408,93004080,000009.SZ,1248775,2,0,8.7,4500
2026-04-08 09:30:04.090,20260408,93004090,000009.SZ,1249364,2,0,8.67,1000
2026-04-08 09:30:04.110,20260408,93004110,000009.SZ,1250742,2,0,8.68,300
2026-04-08 09:30:04.180,20260408,93004180,000009.SZ,1253892,1,0,8.3,1300
2026-04-08 09:30:04.190,20260408,93004190,000009.SZ,1254910,1,0,8.63,100
2026-04-08 09:30:04.190,20260408,93004190,000009.SZ,1255236,2,0,8.48,2000
2026-04-08 09:30:04.210,20260408,93004210,000009.SZ,1256323,1,0,8.66,10000
2026-04-08 09:30:04.260,20260408,93004260,000009.SZ,1261612,2,0,8.7,500
2026-04-08 09:30:04.270,20260408,93004270,000009.SZ,1262155,2,0,9.35,3300
2026-04-08 09:30:04.300,20260408,93004300,000009.SZ,1263965,1,0,8.66,3000
2026-04-08 09:30:04.330,20260408,93004330,000009.SZ,1266785,2,0,8.62,200
2026-04-08 09:30:04.330,20260408,93004330,000009.SZ,1266877,2,0,8.62,600
2026-04-08 09:30:04.340,20260408,93004340,000009.SZ,1266952,2,0,8.65,500
2026-04-08 09:30:04.360,20260408,93004360,000009.SZ,1269374,2,0,9.33,1000
2026-04-08 09:30:04.360,20260408,93004360,000009.SZ,1269633,2,0,8.63,600
2026-04-08 09:30:04.400,20260408,93004400,000009.SZ,1272931,2,0,8.61,1200
2026-04-08 09:30:04.400,20260408,93004400,000009.SZ,1273218,2,0,9.35,3000
2026-04-08 09:30:04.410,20260408,93004410,000009.SZ,1274401,1,0,8.43,900
2026-04-08 09:30:04.420,20260408,93004420,000009.SZ,1275022,1,0,8.65,300
2026-04-08 09:30:04.440,20260408,93004440,000009.SZ,1276186,2,0,8.67,400
2026-04-08 09:30:04.450,20260408,93004450,000009.SZ,1277334,1,0,8.65,3000
2026-04-08 09:30:04.450,20260408,93004450,000009.SZ,1277591,2,0,8.75,4000
2026-04-08 09:30:04.460,20260408,93004460,000009.SZ,1278019,2,0,9.11,400
2026-04-08 09:30:04.490,20260408,93004490,000009.SZ,1280126,2,0,8.66,3100
2026-04-08 09:30:04.500,20260408,93004500,000009.SZ,1280920,2,0,9.34,1100
2026-04-08 09:30:04.520,20260408,93004520,000009.SZ,1281836,2,0,8.86,300
2026-04-08 09:30:04.530,20260408,93004530,000009.SZ,1282566,2,0,8.78,2300
2026-04-08 09:30:04.550,20260408,93004550,000009.SZ,1283346,1,0,7.67,200
2026-04-08 09:30:04.570,20260408,93004570,000009.SZ,1285161,2,0,9.0,1200
2026-04-08 09:30:04.600,20260408,93004600,000009.SZ,1287802,2,0,8.65,1000
2026-04-08 09:30:04.620,20260408,93004620,000009.SZ,1289428,2,0,9.08,600
2026-04-08 09:30:04.650,20260408,93004650,000009.SZ,1292497,2,0,8.66,1000
2026-04-08 09:30:04.650,20260408,93004650,000009.SZ,1292722,2,0,8.8,600
2026-04-08 09:30:04.670,20260408,93004670,000009.SZ,1294545,2,0,8.99,1000
2026-04-08 09:30:04.680,20260408,93004680,000009.SZ,1295326,2,0,8.75,2000
2026-04-08 09:30:04.740,20260408,93004740,000009.SZ,1300014,1,0,8.69,900
2026-04-08 09:30:04.740,20260408,93004740,000009.SZ,1300176,1,0,8.66,300
2026-04-08 09:30:04.740,20260408,93004740,000009.SZ,1300423,2,0,8.88,600
2026-04-08 09:30:04.780,20260408,93004780,000009.SZ,1302791,2,0,8.66,2000
2026-04-08 09:30:04.790,20260408,93004790,000009.SZ,1303226,1,0,8.69,200
2026-04-08 09:30:04.830,20260408,93004830,000009.SZ,1305250,2,0,8.62,200
2026-04-08 09:30:04.860,20260408,93004860,000009.SZ,1307020,2,0,8.76,1000
2026-04-08 09:30:04.870,20260408,93004870,000009.SZ,1307369,2,0,8.73,100
2026-04-08 09:30:04.920,20260408,93004920,000009.SZ,1310588,1,0,8.66,300
2026-04-08 09:30:04.960,20260408,93004960,000009.SZ,1312623,2,0,8.63,200
2026-04-08 09:30:04.970,20260408,93004970,000009.SZ,1313098,1,0,8.67,7500
2026-04-08 09:30:04.990,20260408,93004990,000009.SZ,1313743,2,0,8.67,100
2026-04-08 09:30:04.990,20260408,93004990,000009.SZ,1313764,1,0,8.67,7500
2026-04-08 09:30:05.090,20260408,93005090,000009.SZ,1320651,1,0,8.68,5800
2026-04-08 09:30:05.090,20260408,93005090,000009.SZ,1320770,2,0,8.93,5000
2026-04-08 09:30:05.110,20260408,93005110,000009.SZ,1321613,1,0,8.65,3100
2026-04-08 09:30:05.120,20260408,93005120,000009.SZ,1322039,2,0,8.99,1200
2026-04-08 09:30:05.180,20260408,93005180,000009.SZ,1324116,2,0,9.35,100
2026-04-08 09:30:05.190,20260408,93005190,000009.SZ,1324347,1,0,8.66,200
2026-04-08 09:30:05.260,20260408,93005260,000009.SZ,1327679,2,0,8.9,1000
2026-04-08 09:30:05.280,20260408,93005280,000009.SZ,1329098,1,0,8.65,300
2026-04-08 09:30:05.300,20260408,93005300,000009.SZ,1330027,2,0,8.69,10000
2026-04-08 09:30:05.350,20260408,93005350,000009.SZ,1332195,2,0,8.85,9300
2026-04-08 09:30:05.360,20260408,93005360,000009.SZ,1332611,2,0,9.35,5300
2026-04-08 09:30:05.400,20260408,93005400,000009.SZ,1335272,2,0,9.35,400
2026-04-08 09:30:05.450,20260408,93005450,000009.SZ,1337115,2,0,8.67,200
2026-04-08 09:30:05.450,20260408,93005450,000009.SZ,1337260,2,0,8.7,4000
2026-04-08 09:30:05.460,20260408,93005460,000009.SZ,1337688,2,0,8.96,1500
2026-04-08 09:30:05.460,20260408,93005460,000009.SZ,1337750,1,0,8.66,100
2026-04-08 09:30:05.460,20260408,93005460,000009.SZ,1337971,2,0,8.65,2000
2026-04-08 09:30:05.480,20260408,93005480,000009.SZ,1338936,2,0,9.3,19600
2026-04-08 09:30:05.490,20260408,93005490,000009.SZ,1339145,1,0,8.45,5000
2026-04-08 09:30:05.520,20260408,93005520,000009.SZ,1340385,2,0,8.65,3200
2026-04-08 09:30:05.520,20260408,93005520,000009.SZ,1340490,1,0,8.59,900
2026-04-08 09:30:05.600,20260408,93005600,000009.SZ,1344350,2,0,8.65,500
2026-04-08 09:30:05.600,20260408,93005600,000009.SZ,1344564,2,0,8.74,1000
2026-04-08 09:30:05.640,20260408,93005640,000009.SZ,1346924,1,0,8.64,100
2026-04-08 09:30:05.650,20260408,93005650,000009.SZ,1347785,2,0,8.91,600
2026-04-08 09:30:05.780,20260408,93005780,000009.SZ,1352448,2,0,8.88,100
2026-04-08 09:30:05.830,20260408,93005830,000009.SZ,1353786,2,0,8.79,2000
2026-04-08 09:30:05.840,20260408,93005840,000009.SZ,1354230,1,0,8.65,400
2026-04-08 09:30:05.850,20260408,93005850,000009.SZ,1354433,2,0,8.7,1000
2026-04-08 09:30:05.860,20260408,93005860,000009.SZ,1354842,1,0,8.63,1200
2026-04-08 09:30:05.980,20260408,93005980,000009.SZ,1359360,1,0,8.69,100
2026-04-08 09:30:05.990,20260408,93005990,000009.SZ,1360082,2,0,8.7,1000
2026-04-08 09:30:06.020,20260408,93006020,000009.SZ,1361177,2,0,9.35,100
2026-04-08 09:30:06.030,20260408,93006030,000009.SZ,1361893,2,0,8.65,500
2026-04-08 09:30:06.120,20260408,93006120,000009.SZ,1365836,1,0,8.66,3000
2026-04-08 09:30:06.140,20260408,93006140,000009.SZ,1366554,2,0,8.68,10000
2026-04-08 09:30:06.150,20260408,93006150,000009.SZ,1366766,2,0,8.66,3000
2026-04-08 09:30:06.150,20260408,93006150,000009.SZ,1366768,2,0,8.66,3000
2026-04-08 09:30:06.150,20260408,93006150,000009.SZ,1366769,2,0,8.66,600
2026-04-08 09:30:06.150,20260408,93006150,000009.SZ,1366774,2,0,8.66,3000
2026-04-08 09:30:06.150,20260408,93006150,000009.SZ,1366775,2,0,8.66,3000
2026-04-08 09:30:06.150,20260408,93006150,000009.SZ,1366787,2,0,8.66,1800
2026-04-08 09:30:06.150,20260408,93006150,000009.SZ,1366790,2,0,8.66,1900
2026-04-08 09:30:06.150,20260408,93006150,000009.SZ,1366793,2,0,8.65,4200
2026-04-08 09:30:06.150,20260408,93006150,000009.SZ,1366829,2,0,8.66,200
2026-04-08 09:30:06.150,20260408,93006150,000009.SZ,1366831,2,0,8.66,600
2026-04-08 09:30:06.150,20260408,93006150,000009.SZ,1366835,2,0,8.66,2000
2026-04-08 09:30:06.150,20260408,93006150,000009.SZ,1366837,2,0,8.66,900
2026-04-08 09:30:06.150,20260408,93006150,000009.SZ,1366843,2,0,8.66,500
2026-04-08 09:30:06.150,20260408,93006150,000009.SZ,1366844,2,0,8.66,800
2026-04-08 09:30:06.150,20260408,93006150,000009.SZ,1366845,2,0,8.66,400
2026-04-08 09:30:06.150,20260408,93006150,000009.SZ,1366846,2,0,8.66,400
2026-04-08 09:30:06.150,20260408,93006150,000009.SZ,1366847,2,0,8.66,900
2026-04-08 09:30:06.150,20260408,93006150,000009.SZ,1366850,2,0,8.66,500
2026-04-08 09:30:06.150,20260408,93006150,000009.SZ,1366851,2,0,8.66,500
2026-04-08 09:30:06.150,20260408,93006150,000009.SZ,1366869,2,0,8.66,700
2026-04-08 09:30:06.150,20260408,93006150,000009.SZ,1366870,2,0,8.66,200
2026-04-08 09:30:06.150,20260408,93006150,000009.SZ,1366871,2,0,8.66,400
2026-04-08 09:30:06.150,20260408,93006150,000009.SZ,1366872,2,0,8.66,2100
2026-04-08 09:30:06.150,20260408,93006150,000009.SZ,1366873,2,0,8.66,600
2026-04-08 09:30:06.150,20260408,93006150,000009.SZ,1366874,2,0,8.66,900
2026-04-08 09:30:06.150,20260408,93006150,000009.SZ,1366875,2,0,8.66,900
2026-04-08 09:30:06.150,20260408,93006150,000009.SZ,1366876,2,0,8.66,500
2026-04-08 09:30:06.150,20260408,93006150,000009.SZ,1366877,2,0,8.66,600
2026-04-08 09:30:06.150,20260408,93006150,000009.SZ,1366878,2,0,8.66,500
2026-04-08 09:30:06.150,20260408,93006150,000009.SZ,1366879,2,0,8.66,600
2026-04-08 09:30:06.150,20260408,93006150,000009.SZ,1366880,2,0,8.66,400
2026-04-08 09:30:06.150,20260408,93006150,000009.SZ,1366881,2,0,8.66,700
2026-04-08 09:30:06.150,20260408,93006150,000009.SZ,1366882,2,0,8.66,400
2026-04-08 09:30:06.150,20260408,93006150,000009.SZ,1366883,2,0,8.66,300
2026-04-08 09:30:06.150,20260408,93006150,000009.SZ,1366886,2,0,8.66,900
2026-04-08 09:30:06.150,20260408,93006150,000009.SZ,1366887,2,0,8.66,600
2026-04-08 09:30:06.150,20260408,93006150,000009.SZ,1366890,2,0,8.66,300
2026-04-08 09:30:06.150,20260408,93006150,000009.SZ,1366917,2,0,8.66,1400
