timestamp,date,stamp,code,match_no,bs_flag,bid_order_no,ask_order_no,match_price,match_volume,match_amount
2026-04-07 09:15:00.750,20260407,91500750,000009.SZ,114885,-1,92343,0,0.0,100,0.0
2026-04-07 09:15:00.900,20260407,91500900,000009.SZ,122815,-1,0,122813,0.0,600,0.0
2026-04-07 09:15:00.900,20260407,91500900,000009.SZ,122816,-1,0,112900,0.0,600,0.0
2026-04-07 09:15:02.040,20260407,91502040,000009.SZ,165059,-1,165058,0,0.0,2700,0.0
2026-04-07 09:15:03.160,20260407,91503160,000009.SZ,180907,-1,180905,0,0.0,2000,0.0
2026-04-07 09:15:15.070,20260407,91515070,000009.SZ,191711,-1,61089,0,0.0,500,0.0
2026-04-07 09:25:00.000,20260407,92500000,000009.SZ,383119,1,205998,20740,8.46,100,846.0
2026-04-07 09:25:00.000,20260407,92500000,000009.SZ,383120,1,206095,19009,8.46,100,846.0
2026-04-07 09:25:00.000,20260407,92500000,000009.SZ,383121,1,209918,19009,8.46,100,846.0
2026-04-07 09:25:00.000,20260407,92500000,000009.SZ,383122,1,221405,19009,8.46,400,3384.0
2026-04-07 09:25:00.000,20260407,92500000,000009.SZ,383123,1,268868,19009,8.46,1000,8460.0
2026-04-07 09:25:00.000,20260407,92500000,000009.SZ,383124,1,268892,19009,8.46,1400,11844.0
2026-04-07 09:25:00.000,20260407,92500000,000009.SZ,383125,2,268892,296816,8.46,200,1692.0
2026-04-07 09:25:00.000,20260407,92500000,000009.SZ,383126,2,269099,296816,8.46,800,6768.0
2026-04-07 09:25:00.000,20260407,92500000,000009.SZ,383127,2,269170,296816,8.46,100,846.0
2026-04-07 09:25:00.000,20260407,92500000,000009.SZ,383128,2,269271,296816,8.46,100,846.0
2026-04-07 09:25:00.000,20260407,92500000,000009.SZ,383129,2,269271,327616,8.46,100,846.0
2026-04-07 09:25:00.000,20260407,92500000,000009.SZ,383130,2,269271,359593,8.46,100,846.0
2026-04-07 09:25:00.000,20260407,92500000,000009.SZ,383131,2,269817,359593,8.46,400,3384.0
2026-04-07 09:25:00.000,20260407,92500000,000009.SZ,383132,2,270249,360185,8.46,200,1692.0
2026-04-07 09:25:00.000,20260407,92500000,000009.SZ,383133,1,362417,360185,8.46,400,3384.0
2026-04-07 09:25:00.000,20260407,92500000,000009.SZ,383134,1,362417,362033,8.46,200,1692.0
2026-04-07 09:25:00.000,20260407,92500000,000009.SZ,383135,2,35840,362033,8.46,100,846.0
2026-04-07 09:25:00.000,20260407,92500000,000009.SZ,383136,1,35840,26325,8.46,100,846.0
2026-04-07 09:25:00.000,20260407,92500000,000009.SZ,383137,2,35840,367578,8.46,200,1692.0
2026-04-07 09:25:00.000,20260407,92500000,000009.SZ,383138,2,35840,365203,8.46,700,5922.0
2026-04-07 09:25:00.000,20260407,92500000,000009.SZ,383139,2,35840,365563,8.46,200,1692.0
2026-04-07 09:25:00.000,20260407,92500000,000009.SZ,383140,2,35840,365576,8.46,100,846.0
2026-04-07 09:25:00.000,20260407,92500000,000009.SZ,383141,2,35840,366317,8.46,200,1692.0
2026-04-07 09:25:00.000,20260407,92500000,000009.SZ,383142,2,35840,367376,8.46,100,846.0
2026-04-07 09:25:00.000,20260407,92500000,000009.SZ,383143,2,35840,368735,8.46,100,846.0
2026-04-07 09:25:00.000,20260407,92500000,000009.SZ,383144,2,35840,47363,8.46,600,5076.0
2026-04-07 09:25:00.000,20260407,92500000,000009.SZ,383145,1,381958,47363,8.46,6400,54144.0
2026-04-07 09:25:00.000,20260407,92500000,000009.SZ,383146,1,365526,47363,8.46,100,846.0
2026-04-07 09:25:00.000,20260407,92500000,000009.SZ,383147,1,351883,47363,8.46,1300,10998.0
2026-04-07 09:25:00.000,20260407,92500000,000009.SZ,383148,1,292389,47363,8.46,1600,13536.0
2026-04-07 09:25:00.000,20260407,92500000,000009.SZ,383149,1,292389,10671,8.46,200,1692.0
2026-04-07 09:25:00.000,20260407,92500000,000009.SZ,383150,1,292389,33387,8.46,100,846.0
2026-04-07 09:25:00.000,20260407,92500000,000009.SZ,383151,1,292389,44333,8.46,500,4230.0
2026-04-07 09:25:00.000,20260407,92500000,000009.SZ,383152,1,292389,56785,8.46,1500,12690.0
2026-04-07 09:25:00.000,20260407,92500000,000009.SZ,383153,1,292389,62142,8.46,4600,38916.0
2026-04-07 09:25:00.000,20260407,92500000,000009.SZ,383154,1,292389,6813,8.46,500,4230.0
2026-04-07 09:25:00.000,20260407,92500000,000009.SZ,383155,1,292389,138894,8.46,200,1692.0
2026-04-07 09:25:00.000,20260407,92500000,000009.SZ,383156,2,292389,329212,8.46,100,846.0
2026-04-07 09:25:00.000,20260407,92500000,000009.SZ,383157,2,292389,336986,8.46,200,1692.0
2026-04-07 09:25:00.000,20260407,92500000,000009.SZ,383158,2,292389,370615,8.46,100,846.0
2026-04-07 09:25:00.000,20260407,92500000,000009.SZ,383159,1,292389,46586,8.46,100,846.0
2026-04-07 09:30:00.030,20260407,93000030,000009.SZ,460815,-1,379319,0,0.0,5200,0.0
2026-04-07 09:30:00.040,20260407,93000040,000009.SZ,466075,2,292389,466074,8.46,300,2538.0
2026-04-07 09:30:00.040,20260407,93000040,000009.SZ,466076,2,366052,466074,8.46,100,846.0
2026-04-07 09:30:00.040,20260407,93000040,000009.SZ,466429,2,366052,466428,8.46,1200,10152.0
2026-04-07 09:30:00.040,20260407,93000040,000009.SZ,467791,2,366052,467790,8.46,400,3384.0
2026-04-07 09:30:00.040,20260407,93000040,000009.SZ,468250,2,366052,468249,8.46,500,4230.0
2026-04-07 09:30:00.040,20260407,93000040,000009.SZ,468800,2,366052,468799,8.46,400,3384.0
2026-04-07 09:30:00.050,20260407,93000050,000009.SZ,471183,2,366052,471182,8.46,500,4230.0
2026-04-07 09:30:00.050,20260407,93000050,000009.SZ,476701,1,476700,462278,8.47,100,847.0
2026-04-07 09:30:00.050,20260407,93000050,000009.SZ,476702,1,476700,199681,8.48,100,848.0
2026-04-07 09:30:00.060,20260407,93000060,000009.SZ,481863,-1,366052,0,0.0,700,0.0
2026-04-07 09:30:00.070,20260407,93000070,000009.SZ,486125,2,476700,486124,8.48,100,848.0
2026-04-07 09:30:00.090,20260407,93000090,000009.SZ,494750,2,476700,494749,8.48,100,848.0
2026-04-07 09:30:00.090,20260407,93000090,000009.SZ,494751,2,486131,494749,8.48,400,3392.0
2026-04-07 09:30:00.090,20260407,93000090,000009.SZ,495914,2,486131,495913,8.48,700,5936.0
2026-04-07 09:30:00.090,20260407,93000090,000009.SZ,499498,2,486131,499497,8.48,1200,10176.0
2026-04-07 09:30:00.100,20260407,93000100,000009.SZ,503861,2,486131,503860,8.48,500,4240.0
2026-04-07 09:30:00.100,20260407,93000100,000009.SZ,505767,2,486131,505766,8.48,100,848.0
2026-04-07 09:30:00.110,20260407,93000110,000009.SZ,508163,2,486131,508162,8.48,600,5088.0
2026-04-07 09:30:00.150,20260407,93000150,000009.SZ,535296,1,535295,488815,8.5,1000,8500.0
2026-04-07 09:30:00.200,20260407,93000200,000009.SZ,557551,2,486131,557550,8.48,400,3392.0
2026-04-07 09:30:00.200,20260407,93000200,000009.SZ,559794,-1,514551,0,0.0,15400,0.0
2026-04-07 09:30:00.220,20260407,93000220,000009.SZ,566730,1,566729,488815,8.5,700,5950.0
2026-04-07 09:30:00.220,20260407,93000220,000009.SZ,566731,1,566729,256511,8.51,100,851.0
2026-04-07 09:30:00.220,20260407,93000220,000009.SZ,566732,1,566729,555155,8.51,2300,19573.0
2026-04-07 09:30:00.300,20260407,93000300,000009.SZ,592502,2,486131,592501,8.48,400,3392.0
2026-04-07 09:30:00.430,20260407,93000430,000009.SZ,616805,2,486131,616804,8.48,200,1696.0
2026-04-07 09:30:00.440,20260407,93000440,000009.SZ,617714,2,486131,617713,8.48,100,848.0
2026-04-07 09:30:00.500,20260407,93000500,000009.SZ,628650,2,486131,628649,8.48,1000,8480.0
2026-04-07 09:30:00.630,20260407,93000630,000009.SZ,651243,2,486131,651242,8.48,100,848.0
2026-04-07 09:30:00.660,20260407,93000660,000009.SZ,657350,2,486131,657349,8.48,4300,36464.0
2026-04-07 09:30:00.660,20260407,93000660,000009.SZ,657351,2,487471,657349,8.48,100,848.0
2026-04-07 09:30:00.660,20260407,93000660,000009.SZ,657352,2,546086,657349,8.48,500,4240.0
2026-04-07 09:30:00.660,20260407,93000660,000009.SZ,657353,2,555488,657349,8.48,1000,8480.0
2026-04-07 09:30:00.660,20260407,93000660,000009.SZ,657354,2,605818,657349,8.48,100,848.0
2026-04-07 09:30:00.660,20260407,93000660,000009.SZ,657355,2,626775,657349,8.48,500,4240.0
2026-04-07 09:30:00.660,20260407,93000660,000009.SZ,657356,2,637978,657349,8.48,1000,8480.0
2026-04-07 09:30:00.660,20260407,93000660,000009.SZ,657357,2,648937,657349,8.48,1200,10176.0
2026-04-07 09:30:00.660,20260407,93000660,000009.SZ,657358,2,657021,657349,8.48,500,4240.0
2026-04-07 09:30:00.820,20260407,93000820,000009.SZ,678864,1,678863,657349,8.48,100,848.0
2026-04-07 09:30:00.850,20260407,93000850,000009.SZ,681263,2,504721,681262,8.47,400,3388.0
2026-04-07 09:30:00.860,20260407,93000860,000009.SZ,682321,1,682320,657349,8.48,1000,8480.0
2026-04-07 09:30:00.900,20260407,93000900,000009.SZ,688519,-1,156336,0,0.0,100,0.0
2026-04-07 09:30:00.950,20260407,93000950,000009.SZ,694570,1,694569,657349,8.48,500,4240.0
2026-04-07 09:30:01.010,20260407,93001010,000009.SZ,700230,2,504721,700229,8.47,300,2541.0
2026-04-07 09:30:01.030,20260407,93001030,000009.SZ,702911,1,702910,657349,8.48,700,5936.0
2026-04-07 09:30:01.060,20260407,93001060,000009.SZ,704959,2,504721,704958,8.47,400,3388.0
2026-04-07 09:30:01.290,20260407,93001290,000009.SZ,725781,1,725780,657349,8.48,1600,13568.0
2026-04-07 09:30:01.390,20260407,93001390,000009.SZ,735473,1,735472,657349,8.48,1000,8480.0
2026-04-07 09:30:01.800,20260407,93001800,000009.SZ,770481,2,504721,770480,8.47,500,4235.0
2026-04-07 09:30:01.840,20260407,93001840,000009.SZ,772401,1,772400,657349,8.48,1500,12720.0
2026-04-07 09:30:01.880,20260407,93001880,000009.SZ,776425,2,504721,776424,8.47,600,5082.0
2026-04-07 09:30:02.130,20260407,93002130,000009.SZ,792978,1,792977,657349,8.48,900,7632.0
2026-04-07 09:30:02.300,20260407,93002300,000009.SZ,801844,1,801843,657349,8.48,500,4240.0
2026-04-07 09:30:02.550,20260407,93002550,000009.SZ,814451,1,814450,657349,8.48,100,848.0
2026-04-07 09:30:02.590,20260407,93002590,000009.SZ,816466,1,816465,657349,8.48,2400,20352.0
2026-04-07 09:30:02.640,20260407,93002640,000009.SZ,820248,2,504721,820247,8.47,100,847.0
2026-04-07 09:30:02.760,20260407,93002760,000009.SZ,826099,2,504721,826098,8.47,100,847.0
2026-04-07 09:30:02.990,20260407,93002990,000009.SZ,835450,2,504721,835449,8.47,300,2541.0
2026-04-07 09:30:03.110,20260407,93003110,000009.SZ,839771,1,839770,657349,8.48,500,4240.0
2026-04-07 09:30:03.110,20260407,93003110,000009.SZ,839772,1,839770,719447,8.48,200,1696.0
2026-04-07 09:30:03.110,20260407,93003110,000009.SZ,839773,1,839770,771063,8.48,200,1696.0
2026-04-07 09:30:03.110,20260407,93003110,000009.SZ,839774,1,839770,781566,8.48,300,2544.0
2026-04-07 09:30:03.110,20260407,93003110,000009.SZ,839775,1,839770,783741,8.48,100,848.0
2026-04-07 09:30:03.110,20260407,93003110,000009.SZ,839776,1,839770,786199,8.48,100,848.0
2026-04-07 09:30:03.110,20260407,93003110,000009.SZ,839777,1,839770,799316,8.48,100,848.0
2026-04-07 09:30:03.140,20260407,93003140,000009.SZ,840526,2,839770,840525,8.48,500,4240.0
2026-04-07 09:30:03.150,20260407,93003150,000009.SZ,841014,2,504721,841013,8.47,100,847.0
2026-04-07 09:30:03.150,20260407,93003150,000009.SZ,841015,2,553826,841013,8.47,200,1694.0
2026-04-07 09:30:03.150,20260407,93003150,000009.SZ,841142,2,553826,841141,8.47,300,2541.0
2026-04-07 09:30:03.150,20260407,93003150,000009.SZ,841143,2,756247,841141,8.47,100,847.0
2026-04-07 09:30:03.150,20260407,93003150,000009.SZ,841385,-1,0,617823,0.0,9500,0.0
2026-04-07 09:30:03.150,20260407,93003150,000009.SZ,841570,1,841569,840525,8.48,400,3392.0
2026-04-07 09:30:03.150,20260407,93003150,000009.SZ,841579,1,841578,841331,8.48,100,848.0
2026-04-07 09:30:03.150,20260407,93003150,000009.SZ,841583,1,841582,841331,8.48,100,848.0
2026-04-07 09:30:03.270,20260407,93003270,000009.SZ,847502,1,847501,841331,8.48,200,1696.0
2026-04-07 09:30:03.270,20260407,93003270,000009.SZ,847503,1,847501,841336,8.48,500,4240.0
2026-04-07 09:30:03.270,20260407,93003270,000009.SZ,847504,1,847501,841871,8.48,100,848.0
2026-04-07 09:30:03.330,20260407,93003330,000009.SZ,850724,1,850723,841871,8.48,100,848.0
2026-04-07 09:30:03.400,20260407,93003400,000009.SZ,853495,1,853494,841871,8.48,1200,10176.0
2026-04-07 09:30:03.760,20260407,93003760,000009.SZ,871071,-1,0,627701,0.0,100,0.0
2026-04-07 09:30:03.780,20260407,93003780,000009.SZ,872071,2,756247,872070,8.47,100,847.0
2026-04-07 09:30:03.800,20260407,93003800,000009.SZ,873435,2,756247,873434,8.47,400,3388.0
2026-04-07 09:30:03.880,20260407,93003880,000009.SZ,876108,2,756247,876107,8.47,700,5929.0
2026-04-07 09:30:03.890,20260407,93003890,000009.SZ,876164,1,876163,841871,8.48,100,848.0
2026-04-07 09:30:03.900,20260407,93003900,000009.SZ,876419,1,876418,841877,8.48,100,848.0
2026-04-07 09:30:04.040,20260407,93004040,000009.SZ,880824,2,756247,880823,8.47,100,847.0
2026-04-07 09:30:04.060,20260407,93004060,000009.SZ,881350,2,756247,881349,8.47,200,1694.0
2026-04-07 09:30:04.060,20260407,93004060,000009.SZ,881407,2,756247,881406,8.47,5000,42350.0
2026-04-07 09:30:04.060,20260407,93004060,000009.SZ,881419,2,756247,881418,8.47,100,847.0
2026-04-07 09:30:04.110,20260407,93004110,000009.SZ,882996,2,756247,882995,8.47,100,847.0
2026-04-07 09:30:04.170,20260407,93004170,000009.SZ,884595,2,756247,884594,8.47,400,3388.0
2026-04-07 09:30:04.200,20260407,93004200,000009.SZ,885384,2,756247,885383,8.47,600,5082.0
2026-04-07 09:30:04.250,20260407,93004250,000009.SZ,887596,2,756247,887595,8.47,100,847.0
2026-04-07 09:30:04.630,20260407,93004630,000009.SZ,901625,1,901624,841877,8.48,300,2544.0
2026-04-07 09:30:04.630,20260407,93004630,000009.SZ,901626,1,901624,841951,8.48,300,2544.0
2026-04-07 09:30:04.700,20260407,93004700,000009.SZ,905074,1,905073,841951,8.48,100,848.0
2026-04-07 09:30:04.980,20260407,93004980,000009.SZ,912769,2,756247,912768,8.47,100,847.0
2026-04-07 09:30:05.110,20260407,93005110,000009.SZ,915245,1,915244,841951,8.48,100,848.0
2026-04-07 09:30:05.400,20260407,93005400,000009.SZ,920385,2,756247,920384,8.47,1200,10164.0
2026-04-07 09:30:05.530,20260407,93005530,000009.SZ,922951,2,756247,922950,8.47,600,5082.0
2026-04-07 09:30:05.540,20260407,93005540,000009.SZ,923189,2,756247,923188,8.47,500,4235.0
2026-04-07 09:30:05.980,20260407,93005980,000009.SZ,931698,-1,0,292371,0.0,2600,0.0
2026-04-07 09:30:06.150,20260407,93006150,000009.SZ,934163,2,756247,934162,8.47,1900,16093.0
2026-04-07 09:30:06.150,20260407,93006150,000009.SZ,934185,2,756247,934184,8.47,1800,15246.0
2026-04-07 09:30:06.150,20260407,93006150,000009.SZ,934263,2,756247,934262,8.47,4000,33880.0
2026-04-07 09:30:06.150,20260407,93006150,000009.SZ,934265,2,756247,934264,8.47,300,2541.0
2026-04-07 09:30:06.150,20260407,93006150,000009.SZ,934266,2,839884,934264,8.47,100,847.0
2026-04-07 09:30:06.150,20260407,93006150,000009.SZ,934267,2,846391,934264,8.47,200,1694.0
2026-04-07 09:30:06.220,20260407,93006220,000009.SZ,936345,1,936344,934264,8.47,200,1694.0
2026-04-07 09:30:06.710,20260407,93006710,000009.SZ,951969,1,951968,934264,8.47,100,847.0
2026-04-07 09:30:06.730,20260407,93006730,000009.SZ,952164,-1,0,723764,0.0,1100,0.0
2026-04-07 09:30:07.030,20260407,93007030,000009.SZ,959058,1,959057,934264,8.47,1200,10164.0
2026-04-07 09:30:07.740,20260407,93007740,000009.SZ,975590,1,975589,934264,8.47,100,847.0
2026-04-07 09:30:08.510,20260407,93008510,000009.SZ,989607,-1,0,934269,0.0,1100,0.0
2026-04-07 09:30:08.580,20260407,93008580,000009.SZ,990378,1,990377,934264,8.47,500,4235.0
2026-04-07 09:30:08.620,20260407,93008620,000009.SZ,990941,1,990940,934264,8.47,200,1694.0
2026-04-07 09:30:09.150,20260407,93009150,000009.SZ,998966,-1,0,934286,0.0,6000,0.0
2026-04-07 09:30:09.150,20260407,93009150,000009.SZ,998968,2,487851,998967,8.46,1100,9306.0
2026-04-07 09:30:09.150,20260407,93009150,000009.SZ,998969,-1,0,934300,0.0,3300,0.0
2026-04-07 09:30:09.150,20260407,93009150,000009.SZ,998970,-1,0,934264,0.0,700,0.0
2026-04-07 09:30:09.150,20260407,93009150,000009.SZ,998971,-1,0,934268,0.0,3000,0.0
2026-04-07 09:30:09.150,20260407,93009150,000009.SZ,998972,-1,0,934275,0.0,1300,0.0
2026-04-07 09:30:09.150,20260407,93009150,000009.SZ,998973,-1,0,934274,0.0,2100,0.0
2026-04-07 09:30:09.150,20260407,93009150,000009.SZ,998974,-1,0,934298,0.0,4700,0.0
2026-04-07 09:30:09.150,20260407,93009150,000009.SZ,998975,-1,0,934293,0.0,3000,0.0
2026-04-07 09:30:09.150,20260407,93009150,000009.SZ,998976,-1,0,934302,0.0,3800,0.0
2026-04-07 09:30:09.150,20260407,93009150,000009.SZ,998977,-1,0,934272,0.0,700,0.0
2026-04-07 09:30:09.150,20260407,93009150,000009.SZ,998978,-1,0,934276,0.0,3500,0.0
2026-04-07 09:30:09.150,20260407,93009150,000009.SZ,998979,-1,0,934273,0.0,4500,0.0
2026-04-07 09:30:09.150,20260407,93009150,000009.SZ,998980,-1,0,934282,0.0,7000,0.0
2026-04-07 09:30:09.150,20260407,93009150,000009.SZ,998982,2,487851,998981,8.46,900,7614.0
2026-04-07 09:30:09.150,20260407,93009150,000009.SZ,998983,-1,0,934277,0.0,900,0.0
2026-04-07 09:30:09.150,20260407,93009150,000009.SZ,998984,-1,0,934307,0.0,5200,0.0
2026-04-07 09:30:09.150,20260407,93009150,000009.SZ,998985,-1,0,934312,0.0,700,0.0
2026-04-07 09:30:09.150,20260407,93009150,000009.SZ,998986,-1,0,934304,0.0,2800,0.0
2026-04-07 09:30:09.150,20260407,93009150,000009.SZ,998987,-1,0,934310,0.0,2800,0.0
2026-04-07 09:30:09.150,20260407,93009150,000009.SZ,998988,-1,0,934299,0.0,4000,0.0
2026-04-07 09:30:09.150,20260407,93009150,000009.SZ,998989,-1,0,934340,0.0,1400,0.0
2026-04-07 09:30:09.150,20260407,93009150,000009.SZ,998990,-1,0,934295,0.0,6100,0.0
2026-04-07 09:30:09.150,20260407,93009150,000009.SZ,998994,2,487851,998993,8.46,900,7614.0
2026-04-07 09:30:09.150,20260407,93009150,000009.SZ,998996,2,487851,998995,8.46,100,846.0
2026-04-07 09:30:09.150,20260407,93009150,000009.SZ,998997,2,582941,998995,8.46,200,1692.0
2026-04-07 09:30:09.150,20260407,93009150,000009.SZ,998998,-1,0,934309,0.0,2300,0.0
2026-04-07 09:30:09.150,20260407,93009150,000009.SZ,998999,-1,0,934291,0.0,1000,0.0
2026-04-07 09:30:09.150,20260407,93009150,000009.SZ,999001,2,582941,999000,8.46,400,3384.0
2026-04-07 09:30:09.150,20260407,93009150,000009.SZ,999003,2,582941,999002,8.46,500,4230.0
2026-04-07 09:30:09.150,20260407,93009150,000009.SZ,999005,2,582941,999004,8.46,600,5076.0
2026-04-07 09:30:09.150,20260407,93009150,000009.SZ,999007,2,582941,999006,8.46,600,5076.0
2026-04-07 09:30:09.150,20260407,93009150,000009.SZ,999008,-1,0,934301,0.0,5100,0.0
2026-04-07 09:30:09.150,20260407,93009150,000009.SZ,999010,2,582941,999009,8.46,5900,49914.0
2026-04-07 09:30:09.150,20260407,93009150,000009.SZ,999012,2,582941,999011,8.46,700,5922.0
2026-04-07 09:30:09.150,20260407,93009150,000009.SZ,999013,-1,0,934311,0.0,1700,0.0
2026-04-07 09:30:09.150,20260407,93009150,000009.SZ,999017,2,582941,999016,8.46,800,6768.0
2026-04-07 09:30:09.150,20260407,93009150,000009.SZ,999019,2,582941,999018,8.46,3800,32148.0
2026-04-07 09:30:09.150,20260407,93009150,000009.SZ,999020,-1,0,934330,0.0,3600,0.0
2026-04-07 09:30:09.150,20260407,93009150,000009.SZ,999029,2,582941,999028,8.46,200,1692.0
2026-04-07 09:30:09.150,20260407,93009150,000009.SZ,999039,2,582941,999038,8.46,400,3384.0
2026-04-07 09:30:09.150,20260407,93009150,000009.SZ,999047,-1,0,934336,0.0,7200,0.0
2026-04-07 09:30:09.150,20260407,93009150,000009.SZ,999050,-1,0,934308,0.0,2300,0.0
2026-04-07 09:30:09.150,20260407,93009150,000009.SZ,999051,-1,0,934303,0.0,1600,0.0
2026-04-07 09:30:09.150,20260407,93009150,000009.SZ,999068,2,582941,999067,8.46,500,4230.0
2026-04-07 09:30:09.150,20260407,93009150,000009.SZ,999094,-1,0,934284,0.0,700,0.0
2026-04-07 09:30:09.150,20260407,93009150,000009.SZ,999152,-1,0,934338,0.0,4000,0.0
2026-04-07 09:30:09.150,20260407,93009150,000009.SZ,999156,-1,0,934283,0.0,2100,0.0
2026-04-07 09:30:09.150,20260407,93009150,000009.SZ,999162,-1,0,934285,0.0,5400,0.0
2026-04-07 09:30:09.310,20260407,93009310,000009.SZ,1002860,-1,0,965895,0.0,100,0.0
2026-04-07 09:30:09.390,20260407,93009390,000009.SZ,1004893,1,1004892,940525,8.47,100,847.0
2026-04-07 09:30:09.390,20260407,93009390,000009.SZ,1004909,1,1004908,940525,8.47,100,847.0
2026-04-07 09:30:09.430,20260407,93009430,000009.SZ,1005967,-1,0,647181,0.0,1100,0.0
2026-04-07 09:30:09.520,20260407,93009520,000009.SZ,1007744,-1,570918,0,0.0,100,0.0
2026-04-07 09:30:09.550,20260407,93009550,000009.SZ,1008164,-1,0,717153,0.0,800,0.0
2026-04-07 09:30:09.550,20260407,93009550,000009.SZ,1008179,-1,0,717155,0.0,300,0.0
2026-04-07 09:30:09.550,20260407,93009550,000009.SZ,1008185,-1,0,717206,0.0,200,0.0
2026-04-07 09:30:09.550,20260407,93009550,000009.SZ,1008189,-1,0,717272,0.0,100,0.0
2026-04-07 09:30:09.550,20260407,93009550,000009.SZ,1008194,-1,0,726193,0.0,600,0.0
2026-04-07 09:30:09.550,20260407,93009550,000009.SZ,1008203,-1,0,717763,0.0,100,0.0
2026-04-07 09:30:09.550,20260407,93009550,000009.SZ,1008222,-1,0,720077,0.0,600,0.0
2026-04-07 09:30:09.590,20260407,93009590,000009.SZ,1008699,-1,0,503874,0.0,1500,0.0
2026-04-07 09:30:09.930,20260407,93009930,000009.SZ,1018072,2,582941,1018071,8.46,100,846.0
2026-04-07 09:30:10.400,20260407,93010400,000009.SZ,1028594,1,1028593,940525,8.47,300,2541.0
2026-04-07 09:30:11.400,20260407,93011400,000009.SZ,1045281,1,1045280,940525,8.47,100,847.0
2026-04-07 09:30:11.400,20260407,93011400,000009.SZ,1045282,1,1045280,940539,8.47,100,847.0
2026-04-07 09:30:11.880,20260407,93011880,000009.SZ,1050360,2,582941,1050359,8.46,3400,28764.0
2026-04-07 09:30:11.880,20260407,93011880,000009.SZ,1050376,1,1050375,940539,8.47,300,2541.0
2026-04-07 09:30:11.880,20260407,93011880,000009.SZ,1050441,2,582941,1050440,8.46,700,5922.0
2026-04-07 09:30:12.010,20260407,93012010,000009.SZ,1051763,1,1051762,940539,8.47,600,5082.0
2026-04-07 09:30:12.150,20260407,93012150,000009.SZ,1053834,1,1053833,940539,8.47,100,847.0
2026-04-07 09:30:12.150,20260407,93012150,000009.SZ,1053835,1,1053833,999956,8.47,700,5929.0
2026-04-07 09:30:12.150,20260407,93012150,000009.SZ,1053840,1,1053839,999956,8.47,100,847.0
2026-04-07 09:30:12.150,20260407,93012150,000009.SZ,1053849,1,1053848,1010632,8.47,400,3388.0
2026-04-07 09:30:12.150,20260407,93012150,000009.SZ,1053852,1,1053851,1010632,8.47,100,847.0
2026-04-07 09:30:12.150,20260407,93012150,000009.SZ,1053912,1,1053911,1010632,8.47,300,2541.0
2026-04-07 09:30:12.150,20260407,93012150,000009.SZ,1053913,1,1053911,1010637,8.47,100,847.0
2026-04-07 09:30:12.150,20260407,93012150,000009.SZ,1053915,1,1053914,1010637,8.47,100,847.0
2026-04-07 09:30:12.150,20260407,93012150,000009.SZ,1053919,1,1053918,1010637,8.47,100,847.0
2026-04-07 09:30:12.150,20260407,93012150,000009.SZ,1053921,1,1053920,1010641,8.47,100,847.0
2026-04-07 09:30:12.150,20260407,93012150,000009.SZ,1053922,1,1053920,1010647,8.47,300,2541.0
2026-04-07 09:30:12.150,20260407,93012150,000009.SZ,1053987,1,1053986,1010647,8.47,300,2541.0
2026-04-07 09:30:12.150,20260407,93012150,000009.SZ,1053988,1,1053986,1010649,8.47,200,1694.0
2026-04-07 09:30:12.150,20260407,93012150,000009.SZ,1053989,1,1053986,1010652,8.47,100,847.0
2026-04-07 09:30:12.150,20260407,93012150,000009.SZ,1053990,1,1053986,1010924,8.47,300,2541.0
2026-04-07 09:30:12.810,20260407,93012810,000009.SZ,1071052,2,582941,1071051,8.46,1200,10152.0
2026-04-07 09:30:12.810,20260407,93012810,000009.SZ,1071053,2,603549,1071051,8.46,1200,10152.0
2026-04-07 09:30:13.150,20260407,93013150,000009.SZ,1076534,1,1076533,1010924,8.47,300,2541.0
2026-04-07 09:30:13.150,20260407,93013150,000009.SZ,1076535,1,1076533,1042425,8.47,400,3388.0
2026-04-07 09:30:13.150,20260407,93013150,000009.SZ,1076536,1,1076533,1070292,8.47,200,1694.0
2026-04-07 09:30:14.300,20260407,93014300,000009.SZ,1099583,1,1099582,1070292,8.47,200,1694.0
2026-04-07 09:30:14.300,20260407,93014300,000009.SZ,1099584,1,1099582,841951,8.48,400,3392.0
2026-04-07 09:30:15.220,20260407,93015220,000009.SZ,1110991,1,1110990,841951,8.48,400,3392.0
2026-04-07 09:30:15.220,20260407,93015220,000009.SZ,1110992,1,1110990,875225,8.48,4800,40704.0
2026-04-07 09:30:15.220,20260407,93015220,000009.SZ,1110993,1,1110990,891862,8.48,600,5088.0
2026-04-07 09:30:15.220,20260407,93015220,000009.SZ,1110994,1,1110990,899575,8.48,600,5088.0
2026-04-07 09:30:15.220,20260407,93015220,000009.SZ,1110995,1,1110990,956768,8.48,100,848.0
2026-04-07 09:30:15.220,20260407,93015220,000009.SZ,1110996,1,1110990,956790,8.48,300,2544.0
2026-04-07 09:30:15.220,20260407,93015220,000009.SZ,1110997,1,1110990,993216,8.48,100,848.0
2026-04-07 09:30:15.220,20260407,93015220,000009.SZ,1110998,1,1110990,1017381,8.48,600,5088.0
2026-04-07 09:30:15.220,20260407,93015220,000009.SZ,1110999,1,1110990,1020832,8.48,200,1696.0
2026-04-07 09:30:15.220,20260407,93015220,000009.SZ,1111007,1,1111006,1020832,8.48,400,3392.0
2026-04-07 09:30:15.220,20260407,93015220,000009.SZ,1111008,1,1111006,1053565,8.48,1100,9328.0
2026-04-07 09:30:15.290,20260407,93015290,000009.SZ,1112179,2,1102308,1112178,8.47,200,1694.0
2026-04-07 09:30:15.350,20260407,93015350,000009.SZ,1114478,1,1114477,1053565,8.48,200,1696.0
2026-04-07 09:30:15.360,20260407,93015360,000009.SZ,1114729,-1,0,889729,0.0,100,0.0
2026-04-07 09:30:15.380,20260407,93015380,000009.SZ,1115261,2,1102308,1115260,8.47,100,847.0
2026-04-07 09:30:16.310,20260407,93016310,000009.SZ,1133264,-1,0,670767,0.0,100,0.0
2026-04-07 09:30:16.330,20260407,93016330,000009.SZ,1133515,-1,0,731212,0.0,100,0.0
2026-04-07 09:30:16.370,20260407,93016370,000009.SZ,1134309,2,1102308,1134308,8.47,100,847.0
2026-04-07 09:30:17.580,20260407,93017580,000009.SZ,1156142,1,1156141,1053565,8.48,600,5088.0
2026-04-07 09:30:17.900,20260407,93017900,000009.SZ,1160104,-1,0,843117,0.0,846,0.0
2026-04-07 09:30:18.150,20260407,93018150,000009.SZ,1163565,1,1163564,1053565,8.48,100,848.0
2026-04-07 09:30:18.150,20260407,93018150,000009.SZ,1163572,1,1163571,1053565,8.48,200,1696.0
2026-04-07 09:30:18.150,20260407,93018150,000009.SZ,1163579,1,1163578,1053565,8.48,300,2544.0
2026-04-07 09:30:18.150,20260407,93018150,000009.SZ,1163581,1,1163580,1053565,8.48,100,848.0
2026-04-07 09:30:18.150,20260407,93018150,000009.SZ,1163591,1,1163590,1053565,8.48,1300,11024.0
2026-04-07 09:30:18.150,20260407,93018150,000009.SZ,1163646,1,1163645,1053565,8.48,700,5936.0
2026-04-07 09:30:18.150,20260407,93018150,000009.SZ,1163659,1,1163658,1053565,8.48,200,1696.0
2026-04-07 09:30:18.160,20260407,93018160,000009.SZ,1163874,1,1163873,1053565,8.48,200,1696.0
2026-04-07 09:30:18.160,20260407,93018160,000009.SZ,1163875,1,1163873,1116298,8.48,100,848.0
2026-04-07 09:30:18.160,20260407,93018160,000009.SZ,1163878,1,1163877,1141749,8.48,100,848.0
2026-04-07 09:30:18.160,20260407,93018160,000009.SZ,1163879,1,1163877,1158035,8.48,200,1696.0
2026-04-07 09:30:18.160,20260407,93018160,000009.SZ,1163881,1,1163880,1158035,8.48,100,848.0
2026-04-07 09:30:18.160,20260407,93018160,000009.SZ,1163883,1,1163882,1158035,8.48,100,848.0
2026-04-07 09:30:18.160,20260407,93018160,000009.SZ,1163884,1,1163882,1163577,8.48,300,2544.0
2026-04-07 09:30:18.180,20260407,93018180,000009.SZ,1164103,1,1164102,1163577,8.48,300,2544.0
2026-04-07 09:30:18.210,20260407,93018210,000009.SZ,1164420,1,1164419,616901,8.49,100,849.0
2026-04-07 09:30:18.210,20260407,93018210,000009.SZ,1164421,1,1164419,691029,8.49,500,4245.0
2026-04-07 09:30:18.210,20260407,93018210,000009.SZ,1164422,1,1164419,943119,8.49,600,5094.0
2026-04-07 09:30:18.230,20260407,93018230,000009.SZ,1164830,-1,1000418,0,0.0,200,0.0
2026-04-07 09:30:18.240,20260407,93018240,000009.SZ,1165211,2,1164102,1165210,8.48,100,848.0
2026-04-07 09:30:18.240,20260407,93018240,000009.SZ,1165212,2,1164104,1165210,8.48,300,2544.0
2026-04-07 09:30:18.310,20260407,93018310,000009.SZ,1167140,2,1164104,1167139,8.48,100,848.0
2026-04-07 09:30:18.470,20260407,93018470,000009.SZ,1170547,2,1164104,1170546,8.48,300,2544.0
2026-04-07 09:30:18.780,20260407,93018780,000009.SZ,1178654,2,1164104,1178653,8.48,2200,18656.0
2026-04-07 09:30:19.000,20260407,93019000,000009.SZ,1182669,2,1164104,1182668,8.48,800,6784.0
2026-04-07 09:30:19.000,20260407,93019000,000009.SZ,1182670,2,1156709,1182668,8.47,300,2541.0
2026-04-07 09:30:19.010,20260407,93019010,000009.SZ,1182865,2,1156709,1182864,8.47,600,5082.0
2026-04-07 09:30:20.440,20260407,93020440,000009.SZ,1208586,2,1199356,1208585,8.48,100,848.0
2026-04-07 09:30:21.020,20260407,93021020,000009.SZ,1215951,2,1199356,1215950,8.48,300,2544.0
2026-04-07 09:30:21.020,20260407,93021020,000009.SZ,1215952,2,1208468,1215950,8.48,100,848.0
2026-04-07 09:30:21.020,20260407,93021020,000009.SZ,1215953,2,1156709,1215950,8.47,800,6776.0
2026-04-07 09:30:21.020,20260407,93021020,000009.SZ,1216021,2,1156709,1216020,8.47,300,2541.0
2026-04-07 09:30:21.480,20260407,93021480,000009.SZ,1226279,-1,0,647176,0.0,2200,0.0
2026-04-07 09:30:22.740,20260407,93022740,000009.SZ,1252511,-1,139571,0,0.0,200,0.0
2026-04-07 09:30:22.770,20260407,93022770,000009.SZ,1252946,2,1223209,1252945,8.48,900,7632.0
2026-04-07 09:30:24.260,20260407,93024260,000009.SZ,1272576,2,1223209,1272575,8.48,200,1696.0
2026-04-07 09:30:24.260,20260407,93024260,000009.SZ,1272577,2,1272303,1272575,8.48,100,848.0
2026-04-07 09:30:24.870,20260407,93024870,000009.SZ,1285369,1,1285368,1272575,8.48,200,1696.0
2026-04-07 09:30:24.870,20260407,93024870,000009.SZ,1285370,1,1285368,943119,8.49,100,849.0
2026-04-07 09:30:25.500,20260407,93025500,000009.SZ,1296636,1,1296635,943119,8.49,600,5094.0
2026-04-07 09:30:25.530,20260407,93025530,000009.SZ,1297269,2,1156709,1297268,8.47,700,5929.0
2026-04-07 09:30:25.840,20260407,93025840,000009.SZ,1302686,1,1302685,943119,8.49,400,3396.0
2026-04-07 09:30:25.840,20260407,93025840,000009.SZ,1302764,1,1302763,943119,8.49,200,1698.0
2026-04-07 09:30:25.910,20260407,93025910,000009.SZ,1303516,-1,1204707,0,0.0,100,0.0
2026-04-07 09:30:25.930,20260407,93025930,000009.SZ,1303736,-1,0,1101137,0.0,1400,0.0
2026-04-07 09:30:25.970,20260407,93025970,000009.SZ,1304066,1,1304065,943119,8.49,500,4245.0
2026-04-07 09:30:26.170,20260407,93026170,000009.SZ,1306512,1,1306511,943119,8.49,300,2547.0
2026-04-07 09:30:26.470,20260407,93026470,000009.SZ,1310027,1,1310026,943119,8.49,200,1698.0
2026-04-07 09:30:26.500,20260407,93026500,000009.SZ,1310259,2,1303453,1310258,8.48,100,848.0
2026-04-07 09:30:27.240,20260407,93027240,000009.SZ,1320161,-1,1164912,0,0.0,900,0.0
2026-04-07 09:30:28.970,20260407,93028970,000009.SZ,1353358,1,1353357,943119,8.49,700,5943.0
2026-04-07 09:30:28.970,20260407,93028970,000009.SZ,1353359,1,1353357,953851,8.49,1100,9339.0
2026-04-07 09:30:28.970,20260407,93028970,000009.SZ,1353360,1,1353357,1072414,8.49,100,849.0
2026-04-07 09:30:29.970,20260407,93029970,000009.SZ,1366147,2,1303453,1366146,8.48,100,848.0
2026-04-07 09:30:30.000,20260407,93030000,000009.SZ,1366418,2,1303453,1366417,8.48,100,848.0
2026-04-07 09:30:30.130,20260407,93030130,000009.SZ,1368609,2,1303453,1368608,8.48,500,4240.0
2026-04-07 09:30:30.220,20260407,93030220,000009.SZ,1370120,-1,1000415,0,0.0,200,0.0
2026-04-07 09:30:30.660,20260407,93030660,000009.SZ,1380189,-1,310667,0,0.0,5000,0.0
2026-04-07 09:30:31.100,20260407,93031100,000009.SZ,1390136,-1,1087500,0,0.0,600,0.0
2026-04-07 09:30:32.900,20260407,93032900,000009.SZ,1418288,2,1303453,1418287,8.48,200,1696.0
2026-04-07 09:30:33.210,20260407,93033210,000009.SZ,1423009,1,1423008,1072414,8.49,1800,15282.0
2026-04-07 09:30:33.230,20260407,93033230,000009.SZ,1424381,-1,1164886,0,0.0,900,0.0
2026-04-07 09:30:34.390,20260407,93034390,000009.SZ,1455830,1,1455829,1072414,8.49,600,5094.0
2026-04-07 09:30:34.480,20260407,93034480,000009.SZ,1458058,1,1458057,1072414,8.49,1200,10188.0
2026-04-07 09:30:34.480,20260407,93034480,000009.SZ,1458059,1,1458057,1217892,8.49,100,849.0
2026-04-07 09:30:34.480,20260407,93034480,000009.SZ,1458060,1,1458057,1217893,8.49,200,1698.0
2026-04-07 09:30:34.480,20260407,93034480,000009.SZ,1458061,1,1458057,1217934,8.49,100,849.0
2026-04-07 09:30:34.480,20260407,93034480,000009.SZ,1458062,1,1458057,1301788,8.49,100,849.0
2026-04-07 09:30:34.480,20260407,93034480,000009.SZ,1458063,1,1458057,1366087,8.49,3000,25470.0
2026-04-07 09:30:36.020,20260407,93036020,000009.SZ,1483958,-1,159524,0,0.0,400,0.0
2026-04-07 09:30:36.220,20260407,93036220,000009.SZ,1489241,-1,1205310,0,0.0,100,0.0
2026-04-07 09:30:36.220,20260407,93036220,000009.SZ,1489266,-1,1414058,0,0.0,600,0.0
2026-04-07 09:30:36.320,20260407,93036320,000009.SZ,1491988,1,1491987,568630,8.5,600,5100.0
2026-04-07 09:30:36.350,20260407,93036350,000009.SZ,1493082,-1,1458466,0,0.0,3400,0.0
2026-04-07 09:30:36.390,20260407,93036390,000009.SZ,1494882,1,1494881,568630,8.5,1400,11900.0
2026-04-07 09:30:36.390,20260407,93036390,000009.SZ,1494883,1,1494881,738073,8.5,2000,17000.0
2026-04-07 09:30:36.410,20260407,93036410,000009.SZ,1495287,1,1495286,738073,8.5,200,1700.0
2026-04-07 09:30:36.540,20260407,93036540,000009.SZ,1497538,1,1497537,738073,8.5,600,5100.0
2026-04-07 09:30:36.920,20260407,93036920,000009.SZ,1506014,2,1458057,1506013,8.49,1600,13584.0
2026-04-07 09:30:36.950,20260407,93036950,000009.SZ,1506542,2,1458057,1506541,8.49,3700,31413.0
2026-04-07 09:30:36.950,20260407,93036950,000009.SZ,1506543,2,1500790,1506541,8.49,1600,13584.0
2026-04-07 09:30:36.960,20260407,93036960,000009.SZ,1506758,2,1500790,1506757,8.49,600,5094.0
2026-04-07 09:30:38.070,20260407,93038070,000009.SZ,1525890,-1,0,1506757,0.0,1300,0.0
2026-04-07 09:30:38.170,20260407,93038170,000009.SZ,1527426,1,1527425,738073,8.5,1200,10200.0
2026-04-07 09:30:38.520,20260407,93038520,000009.SZ,1532996,-1,0,1105347,0.0,700,0.0
2026-04-07 09:30:38.540,20260407,93038540,000009.SZ,1533263,-1,850270,0,0.0,1600,0.0
2026-04-07 09:30:38.580,20260407,93038580,000009.SZ,1533819,1,1533818,1529166,8.49,600,5094.0
2026-04-07 09:30:38.790,20260407,93038790,000009.SZ,1536758,-1,0,1486756,0.0,200,0.0
2026-04-07 09:30:38.790,20260407,93038790,000009.SZ,1536776,-1,0,1487085,0.0,100,0.0
2026-04-07 09:30:39.150,20260407,93039150,000009.SZ,1542873,1,1542872,1529166,8.49,100,849.0
2026-04-07 09:30:39.780,20260407,93039780,000009.SZ,1556381,1,1556380,1529166,8.49,500,4245.0
2026-04-07 09:30:39.780,20260407,93039780,000009.SZ,1556382,1,1556380,1536881,8.49,100,849.0
2026-04-07 09:30:40.340,20260407,93040340,000009.SZ,1566750,1,1566749,738073,8.5,1800,15300.0
2026-04-07 09:30:40.340,20260407,93040340,000009.SZ,1566752,1,1566751,738073,8.5,200,1700.0
2026-04-07 09:30:40.380,20260407,93040380,000009.SZ,1567459,1,1567458,738073,8.5,200,1700.0
2026-04-07 09:30:41.690,20260407,93041690,000009.SZ,1591514,1,1591513,738073,8.5,6800,57800.0
2026-04-07 09:30:41.690,20260407,93041690,000009.SZ,1591515,1,1591513,1508794,8.5,500,4250.0
2026-04-07 09:30:41.690,20260407,93041690,000009.SZ,1591516,1,1591513,1511644,8.5,400,3400.0
2026-04-07 09:30:41.940,20260407,93041940,000009.SZ,1595716,1,1595715,555155,8.51,600,5106.0
2026-04-07 09:30:42.100,20260407,93042100,000009.SZ,1598452,2,1591513,1598451,8.5,4000,34000.0
2026-04-07 09:30:42.300,20260407,93042300,000009.SZ,1602228,-1,0,533265,0.0,2000,0.0
2026-04-07 09:30:42.790,20260407,93042790,000009.SZ,1612233,2,1603909,1612232,8.49,100,849.0
2026-04-07 09:30:42.790,20260407,93042790,000009.SZ,1612234,2,1320110,1612232,8.48,200,1696.0
2026-04-07 09:30:42.830,20260407,93042830,000009.SZ,1612976,-1,674305,0,0.0,600,0.0
2026-04-07 09:30:43.840,20260407,93043840,000009.SZ,1632430,-1,0,1598506,0.0,200,0.0
2026-04-07 09:30:43.840,20260407,93043840,000009.SZ,1632435,-1,0,1598522,0.0,100,0.0
2026-04-07 09:30:44.040,20260407,93044040,000009.SZ,1635702,2,1320110,1635701,8.48,200,1696.0
2026-04-07 09:30:44.040,20260407,93044040,000009.SZ,1635703,2,1369944,1635701,8.48,100,848.0
2026-04-07 09:30:44.040,20260407,93044040,000009.SZ,1635704,2,1370182,1635701,8.48,200,1696.0
2026-04-07 09:30:44.040,20260407,93044040,000009.SZ,1635705,2,1424519,1635701,8.48,300,2544.0
2026-04-07 09:30:44.040,20260407,93044040,000009.SZ,1635706,2,1450235,1635701,8.48,400,3392.0
2026-04-07 09:30:45.030,20260407,93045030,000009.SZ,1649008,2,1450235,1649007,8.48,100,848.0
2026-04-07 09:30:45.030,20260407,93045030,000009.SZ,1649009,2,1544386,1649007,8.48,600,5088.0
2026-04-07 09:30:45.030,20260407,93045030,000009.SZ,1649010,2,1571689,1649007,8.48,500,4240.0
2026-04-07 09:30:45.030,20260407,93045030,000009.SZ,1649121,2,1571689,1649120,8.48,1200,10176.0
2026-04-07 09:30:45.030,20260407,93045030,000009.SZ,1649122,2,1646432,1649120,8.48,200,1696.0
2026-04-07 09:30:45.260,20260407,93045260,000009.SZ,1652839,1,1652838,1632034,8.49,600,5094.0
2026-04-07 09:30:45.380,20260407,93045380,000009.SZ,1655105,1,1655104,1632034,8.49,300,2547.0
2026-04-07 09:30:46.100,20260407,93046100,000009.SZ,1665514,1,1665513,1632034,8.49,1100,9339.0
2026-04-07 09:30:46.120,20260407,93046120,000009.SZ,1665779,2,1665513,1665778,8.49,5600,47544.0
2026-04-07 09:30:46.120,20260407,93046120,000009.SZ,1665791,2,1665513,1665790,8.49,13300,112917.0
2026-04-07 09:30:46.380,20260407,93046380,000009.SZ,1669551,1,1669550,1665790,8.49,500,4245.0
2026-04-07 09:30:46.650,20260407,93046650,000009.SZ,1673834,-1,0,1627524,0.0,900,0.0
2026-04-07 09:30:46.740,20260407,93046740,000009.SZ,1675464,2,1651098,1675463,8.48,900,7632.0
2026-04-07 09:30:48.020,20260407,93048020,000009.SZ,1693720,2,1651098,1693719,8.48,1200,10176.0
2026-04-07 09:30:48.030,20260407,93048030,000009.SZ,1693896,2,1651098,1693895,8.48,300,2544.0
2026-04-07 09:30:48.030,20260407,93048030,000009.SZ,1693906,-1,0,1665798,0.0,100,0.0
2026-04-07 09:30:48.040,20260407,93048040,000009.SZ,1693968,-1,0,1665848,0.0,200,0.0
2026-04-07 09:30:48.090,20260407,93048090,000009.SZ,1694694,1,1694693,1665790,8.49,300,2547.0
2026-04-07 09:30:48.120,20260407,93048120,000009.SZ,1695053,2,1156709,1695052,8.47,1200,10164.0
2026-04-07 09:30:49.260,20260407,93049260,000009.SZ,1712101,-1,1695499,0,0.0,200,0.0
2026-04-07 09:30:49.480,20260407,93049480,000009.SZ,1715287,-1,0,1505552,0.0,100,0.0
2026-04-07 09:30:50.110,20260407,93050110,000009.SZ,1723603,1,1723602,1665790,8.49,600,5094.0
2026-04-07 09:30:50.120,20260407,93050120,000009.SZ,1723746,-1,0,1665790,0.0,4200,0.0
2026-04-07 09:30:51.130,20260407,93051130,000009.SZ,1734752,1,1734751,1670790,8.49,600,5094.0
2026-04-07 09:30:51.360,20260407,93051360,000009.SZ,1737861,-1,347115,0,0.0,2600,0.0
2026-04-07 09:30:51.850,20260407,93051850,000009.SZ,1744287,2,1702827,1744286,8.48,100,848.0
2026-04-07 09:30:51.890,20260407,93051890,000009.SZ,1744861,2,1702827,1744860,8.48,100,848.0
2026-04-07 09:30:51.890,20260407,93051890,000009.SZ,1744862,2,1156709,1744860,8.47,1100,9317.0
2026-04-07 09:30:52.070,20260407,93052070,000009.SZ,1747334,1,1747333,1746068,8.48,400,3392.0
2026-04-07 09:30:53.240,20260407,93053240,000009.SZ,1762404,1,1762403,1746068,8.48,100,848.0
2026-04-07 09:30:53.240,20260407,93053240,000009.SZ,1762405,1,1762403,1747756,8.48,900,7632.0
2026-04-07 09:30:53.360,20260407,93053360,000009.SZ,1763614,1,1763613,1747756,8.48,200,1696.0
2026-04-07 09:30:53.540,20260407,93053540,000009.SZ,1765603,1,1765602,1747756,8.48,200,1696.0
2026-04-07 09:30:53.550,20260407,93053550,000009.SZ,1765713,-1,0,26317,0.0,500,0.0
2026-04-07 09:30:53.590,20260407,93053590,000009.SZ,1766066,1,1766065,1750608,8.48,700,5936.0
2026-04-07 09:30:53.590,20260407,93053590,000009.SZ,1766067,1,1766065,1754996,8.48,300,2544.0
2026-04-07 09:30:53.780,20260407,93053780,000009.SZ,1767817,1,1767816,1754996,8.48,300,2544.0
2026-04-07 09:30:53.780,20260407,93053780,000009.SZ,1767818,1,1767816,1764502,8.48,200,1696.0
2026-04-07 09:30:53.780,20260407,93053780,000009.SZ,1767819,1,1767816,1670790,8.49,500,4245.0
2026-04-07 09:30:54.440,20260407,93054440,000009.SZ,1776023,1,1776022,1670790,8.49,400,3396.0
2026-04-07 09:30:55.710,20260407,93055710,000009.SZ,1793045,1,1793044,1670790,8.49,200,1698.0
2026-04-07 09:30:55.720,20260407,93055720,000009.SZ,1793238,1,1793237,1670790,8.49,200,1698.0
2026-04-07 09:30:55.830,20260407,93055830,000009.SZ,1794401,-1,1177866,0,0.0,800,0.0
2026-04-07 09:30:55.880,20260407,93055880,000009.SZ,1794815,2,1771943,1794814,8.48,3700,31376.0
2026-04-07 09:30:56.330,20260407,93056330,000009.SZ,1799492,-1,0,591367,0.0,2000,0.0
2026-04-07 09:30:56.530,20260407,93056530,000009.SZ,1801290,2,1771943,1801289,8.48,700,5936.0
2026-04-07 09:30:56.550,20260407,93056550,000009.SZ,1801537,2,1771943,1801536,8.48,600,5088.0
2026-04-07 09:30:56.740,20260407,93056740,000009.SZ,1803532,2,1771943,1803531,8.48,700,5936.0
2026-04-07 09:30:56.960,20260407,93056960,000009.SZ,1805934,1,1805933,1670790,8.49,100,849.0
2026-04-07 09:30:56.960,20260407,93056960,000009.SZ,1805935,1,1805933,1715348,8.49,100,849.0
2026-04-07 09:30:56.960,20260407,93056960,000009.SZ,1805936,1,1805933,1782512,8.49,400,3396.0
2026-04-07 09:30:56.970,20260407,93056970,000009.SZ,1806156,-1,38613,0,0.0,200,0.0
2026-04-07 09:30:57.030,20260407,93057030,000009.SZ,1806764,1,1806763,1782512,8.49,1200,10188.0
2026-04-07 09:30:57.060,20260407,93057060,000009.SZ,1807161,2,1771943,1807160,8.48,700,5936.0
2026-04-07 09:30:57.420,20260407,93057420,000009.SZ,1811754,2,1771943,1811753,8.48,600,5088.0
2026-04-07 09:30:57.840,20260407,93057840,000009.SZ,1817248,1,1817247,1782512,8.49,600,5094.0
2026-04-07 09:30:58.020,20260407,93058020,000009.SZ,1819218,2,1771943,1819217,8.48,600,5088.0
2026-04-07 09:30:58.070,20260407,93058070,000009.SZ,1819964,2,1771943,1819963,8.48,1200,10176.0
2026-04-07 09:30:58.110,20260407,93058110,000009.SZ,1820398,-1,0,1603228,0.0,100,0.0
2026-04-07 09:30:58.160,20260407,93058160,000009.SZ,1821113,-1,339868,0,0.0,16600,0.0
2026-04-07 09:30:58.220,20260407,93058220,000009.SZ,1821691,2,1771943,1821690,8.48,100,848.0
2026-04-07 09:30:58.420,20260407,93058420,000009.SZ,1824260,-1,866436,0,0.0,400,0.0
2026-04-07 09:30:58.480,20260407,93058480,000009.SZ,1825210,2,1771943,1825209,8.48,600,5088.0
2026-04-07 09:30:59.200,20260407,93059200,000009.SZ,1832972,1,1832971,1782512,8.49,900,7641.0
2026-04-07 09:30:59.200,20260407,93059200,000009.SZ,1832973,1,1832971,1782516,8.49,2000,16980.0
2026-04-07 09:30:59.420,20260407,93059420,000009.SZ,1835386,2,1771943,1835385,8.48,500,4240.0
2026-04-07 09:30:59.550,20260407,93059550,000009.SZ,1836430,1,1836429,1835385,8.48,100,848.0
2026-04-07 09:30:59.550,20260407,93059550,000009.SZ,1836431,1,1836429,1782516,8.49,100,849.0
2026-04-07 09:30:59.550,20260407,93059550,000009.SZ,1836432,1,1836429,1803025,8.49,100,849.0
2026-04-07 09:30:59.560,20260407,93059560,000009.SZ,1836506,1,1836505,1803216,8.49,300,2547.0
2026-04-07 09:30:59.590,20260407,93059590,000009.SZ,1836879,1,1836878,1803216,8.49,300,2547.0
2026-04-07 09:30:59.590,20260407,93059590,000009.SZ,1836880,1,1836878,1836526,8.49,100,849.0
2026-04-07 09:30:59.590,20260407,93059590,000009.SZ,1836881,1,1836878,1836751,8.49,200,1698.0
2026-04-07 09:30:59.710,20260407,93059710,000009.SZ,1838105,2,1836743,1838104,8.48,1000,8480.0
2026-04-07 09:30:59.720,20260407,93059720,000009.SZ,1838184,1,1838183,1838104,8.48,2000,16960.0
2026-04-07 09:30:59.880,20260407,93059880,000009.SZ,1839639,1,1839638,1836751,8.49,300,2547.0
2026-04-07 09:30:59.930,20260407,93059930,000009.SZ,1840433,2,1838186,1840432,8.48,600,5088.0
2026-04-07 09:30:59.970,20260407,93059970,000009.SZ,1840784,2,1838186,1840783,8.48,1000,8480.0
2026-04-07 09:30:59.970,20260407,93059970,000009.SZ,1840827,2,1838186,1840826,8.48,100,848.0
2026-04-07 09:31:00.000,20260407,93100000,000009.SZ,1841167,2,1838186,1841166,8.48,100,848.0
2026-04-07 09:31:00.010,20260407,93100010,000009.SZ,1841445,1,1841444,1836751,8.49,100,849.0
2026-04-07 09:31:00.110,20260407,93100110,000009.SZ,1843140,2,1838186,1843139,8.48,600,5088.0
2026-04-07 09:31:00.450,20260407,93100450,000009.SZ,1848613,2,1842093,1848612,8.48,200,1696.0
2026-04-07 09:31:00.450,20260407,93100450,000009.SZ,1848614,2,1842693,1848612,8.48,200,1696.0
2026-04-07 09:31:00.470,20260407,93100470,000009.SZ,1848871,1,1848870,1848612,8.48,100,848.0
2026-04-07 09:31:00.470,20260407,93100470,000009.SZ,1848875,1,1848874,1848612,8.48,100,848.0
2026-04-07 09:31:00.500,20260407,93100500,000009.SZ,1849390,1,1849389,1836751,8.49,200,1698.0
2026-04-07 09:31:00.500,20260407,93100500,000009.SZ,1849392,1,1849391,1836751,8.49,200,1698.0
2026-04-07 09:31:00.500,20260407,93100500,000009.SZ,1849393,1,1849391,1845930,8.49,200,1698.0
2026-04-07 09:31:00.730,20260407,93100730,000009.SZ,1855474,1,1855473,1845930,8.49,300,2547.0
2026-04-07 09:31:00.730,20260407,93100730,000009.SZ,1855475,1,1855473,1849201,8.49,2600,22074.0
2026-04-07 09:31:01.120,20260407,93101120,000009.SZ,1863211,2,1848876,1863210,8.48,100,848.0
2026-04-07 09:31:01.120,20260407,93101120,000009.SZ,1863212,2,1848877,1863210,8.48,100,848.0
2026-04-07 09:31:01.120,20260407,93101120,000009.SZ,1863213,2,1848880,1863210,8.48,100,848.0
2026-04-07 09:31:01.120,20260407,93101120,000009.SZ,1863214,2,1849134,1863210,8.48,100,848.0
2026-04-07 09:31:01.140,20260407,93101140,000009.SZ,1863499,1,1863498,1863210,8.48,100,848.0
2026-04-07 09:31:01.140,20260407,93101140,000009.SZ,1863501,1,1863500,1863210,8.48,300,2544.0
2026-04-07 09:31:01.140,20260407,93101140,000009.SZ,1863505,1,1863504,1863210,8.48,600,5088.0
2026-04-07 09:31:01.150,20260407,93101150,000009.SZ,1863547,1,1863546,1863210,8.48,1000,8480.0
2026-04-07 09:31:02.590,20260407,93102590,000009.SZ,1885674,-1,1871224,0,0.0,3400,0.0
2026-04-07 09:31:03.040,20260407,93103040,000009.SZ,1891036,1,1891035,1849201,8.49,300,2547.0
2026-04-07 09:31:03.060,20260407,93103060,000009.SZ,1891326,-1,1871987,0,0.0,100,0.0
2026-04-07 09:31:03.080,20260407,93103080,000009.SZ,1891761,1,1891760,1849201,8.49,300,2547.0
2026-04-07 09:31:03.170,20260407,93103170,000009.SZ,1892915,1,1892914,1849201,8.49,100,849.0
2026-04-07 09:31:03.250,20260407,93103250,000009.SZ,1894103,-1,1286924,0,0.0,200,0.0
2026-04-07 09:31:03.490,20260407,93103490,000009.SZ,1898268,1,1898267,1849201,8.49,200,1698.0
2026-04-07 09:31:04.010,20260407,93104010,000009.SZ,1907138,1,1907137,1849201,8.49,400,3396.0
2026-04-07 09:31:04.030,20260407,93104030,000009.SZ,1907440,1,1907439,1849201,8.49,600,5094.0
2026-04-07 09:31:04.030,20260407,93104030,000009.SZ,1907490,1,1907489,1849201,8.49,600,5094.0
2026-04-07 09:31:04.280,20260407,93104280,000009.SZ,1911699,1,1911698,1849201,8.49,1900,16131.0
2026-04-07 09:31:04.280,20260407,93104280,000009.SZ,1911700,1,1911698,1864198,8.49,100,849.0
2026-04-07 09:31:04.280,20260407,93104280,000009.SZ,1911701,1,1911698,1885044,8.49,2000,16980.0
2026-04-07 09:31:04.280,20260407,93104280,000009.SZ,1911702,1,1911698,1886505,8.49,100,849.0
2026-04-07 09:31:04.820,20260407,93104820,000009.SZ,1921971,2,1911698,1921970,8.49,1200,10188.0
2026-04-07 09:31:04.860,20260407,93104860,000009.SZ,1922680,2,1911698,1922679,8.49,3000,25470.0
2026-04-07 09:31:04.870,20260407,93104870,000009.SZ,1922757,2,1911698,1922756,8.49,1700,14433.0
2026-04-07 09:31:04.880,20260407,93104880,000009.SZ,1922878,2,1911698,1922877,8.49,1700,14433.0
2026-04-07 09:31:05.100,20260407,93105100,000009.SZ,1926208,1,1926207,1665789,8.5,600,5100.0
2026-04-07 09:31:05.850,20260407,93105850,000009.SZ,1935435,1,1935434,1665789,8.5,400,3400.0
2026-04-07 09:31:05.850,20260407,93105850,000009.SZ,1935436,1,1935434,1665807,8.5,200,1700.0
2026-04-07 09:31:05.890,20260407,93105890,000009.SZ,1935952,1,1935951,1665807,8.5,600,5100.0
2026-04-07 09:31:06.250,20260407,93106250,000009.SZ,1940523,1,1940522,1665807,8.5,200,1700.0
2026-04-07 09:31:06.250,20260407,93106250,000009.SZ,1940524,1,1940522,1742649,8.5,200,1700.0
2026-04-07 09:31:06.250,20260407,93106250,000009.SZ,1940525,1,1940522,1742711,8.5,800,6800.0
2026-04-07 09:31:06.520,20260407,93106520,000009.SZ,1944564,-1,1931035,0,0.0,2600,0.0
2026-04-07 09:31:06.560,20260407,93106560,000009.SZ,1945394,1,1945393,1742711,8.5,600,5100.0
2026-04-07 09:31:06.740,20260407,93106740,000009.SZ,1948724,1,1948723,1742711,8.5,600,5100.0
2026-04-07 09:31:06.750,20260407,93106750,000009.SZ,1948881,1,1948880,1742711,8.5,1300,11050.0
2026-04-07 09:31:06.750,20260407,93106750,000009.SZ,1948882,1,1948880,1760379,8.5,1300,11050.0
2026-04-07 09:31:06.760,20260407,93106760,000009.SZ,1948999,1,1948998,1760379,8.5,1200,10200.0
2026-04-07 09:31:06.800,20260407,93106800,000009.SZ,1949454,2,1923012,1949453,8.49,3600,30564.0
2026-04-07 09:31:06.800,20260407,93106800,000009.SZ,1949455,2,1933109,1949453,8.49,300,2547.0
2026-04-07 09:31:06.800,20260407,93106800,000009.SZ,1949456,2,1934092,1949453,8.49,300,2547.0
2026-04-07 09:31:06.890,20260407,93106890,000009.SZ,1950696,-1,347207,0,0.0,10000,0.0
2026-04-07 09:31:07.150,20260407,93107150,000009.SZ,1954440,1,1954439,1949453,8.49,100,849.0
2026-04-07 09:31:07.590,20260407,93107590,000009.SZ,1962061,1,1962060,1949453,8.49,100,849.0
2026-04-07 09:31:07.600,20260407,93107600,000009.SZ,1962288,1,1962287,1949453,8.49,100,849.0
2026-04-07 09:31:08.450,20260407,93108450,000009.SZ,1972205,1,1972204,1949453,8.49,1400,11886.0
2026-04-07 09:31:08.560,20260407,93108560,000009.SZ,1973515,1,1973514,1949453,8.49,600,5094.0
2026-04-07 09:31:09.150,20260407,93109150,000009.SZ,1979768,-1,1962278,0,0.0,300,0.0
2026-04-07 09:31:10.260,20260407,93110260,000009.SZ,1995561,-1,1979784,0,0.0,200,0.0
2026-04-07 09:31:11.210,20260407,93111210,000009.SZ,2007553,2,1863546,2007552,8.48,400,3392.0
2026-04-07 09:31:11.270,20260407,93111270,000009.SZ,2008078,-1,1990924,0,0.0,1100,0.0
2026-04-07 09:31:11.370,20260407,93111370,000009.SZ,2008976,1,2008975,1949453,8.49,1500,12735.0
2026-04-07 09:31:11.370,20260407,93111370,000009.SZ,2008977,1,2008975,1951914,8.49,1600,13584.0
2026-04-07 09:31:11.370,20260407,93111370,000009.SZ,2008978,1,2008975,1957054,8.49,900,7641.0
2026-04-07 09:31:11.370,20260407,93111370,000009.SZ,2008979,1,2008975,1973209,8.49,100,849.0
2026-04-07 09:31:11.370,20260407,93111370,000009.SZ,2008980,1,2008975,2008796,8.49,400,3396.0
2026-04-07 09:31:11.370,20260407,93111370,000009.SZ,2008981,1,2008975,1760379,8.5,2200,18700.0
2026-04-07 09:31:12.030,20260407,93112030,000009.SZ,2015499,2,2015354,2015498,8.49,300,2547.0
2026-04-07 09:31:12.440,20260407,93112440,000009.SZ,2021395,1,2021394,2015498,8.49,600,5094.0
2026-04-07 09:31:12.470,20260407,93112470,000009.SZ,2021820,1,2021819,2015498,8.49,300,2547.0
2026-04-07 09:31:12.490,20260407,93112490,000009.SZ,2022151,1,2022150,2016076,8.49,100,849.0
2026-04-07 09:31:12.900,20260407,93112900,000009.SZ,2027433,-1,572751,0,0.0,4700,0.0
2026-04-07 09:31:12.910,20260407,93112910,000009.SZ,2027499,2,2022150,2027498,8.49,200,1698.0
2026-04-07 09:31:13.210,20260407,93113210,000009.SZ,2030869,2,1863546,2030868,8.48,100,848.0
2026-04-07 09:31:13.540,20260407,93113540,000009.SZ,2035836,1,2035835,1760379,8.5,300,2550.0
2026-04-07 09:31:13.890,20260407,93113890,000009.SZ,2040384,2,2035050,2040383,8.49,100,849.0
2026-04-07 09:31:14.410,20260407,93114410,000009.SZ,2046175,1,2046174,1760379,8.5,600,5100.0
2026-04-07 09:31:14.430,20260407,93114430,000009.SZ,2046399,1,2046398,1760379,8.5,600,5100.0
2026-04-07 09:31:14.490,20260407,93114490,000009.SZ,2046999,-1,2031573,0,0.0,1300,0.0
2026-04-07 09:31:14.620,20260407,93114620,000009.SZ,2048380,1,2048379,2047094,8.49,600,5094.0
2026-04-07 09:31:15.210,20260407,93115210,000009.SZ,2054106,1,2054105,2047094,8.49,1200,10188.0
2026-04-07 09:31:15.220,20260407,93115220,000009.SZ,2054258,-1,1863546,0,0.0,500,0.0
2026-04-07 09:31:15.940,20260407,93115940,000009.SZ,2063628,1,2063627,2047094,8.49,100,849.0
2026-04-07 09:31:16.600,20260407,93116600,000009.SZ,2072272,-1,1686014,0,0.0,100,0.0
2026-04-07 09:31:16.700,20260407,93116700,000009.SZ,2073613,1,2073612,2047094,8.49,800,6792.0
2026-04-07 09:31:16.700,20260407,93116700,000009.SZ,2073614,1,2073612,2049361,8.49,200,1698.0
2026-04-07 09:31:16.790,20260407,93116790,000009.SZ,2074332,-1,2047105,0,0.0,1000,0.0
2026-04-07 09:31:18.100,20260407,93118100,000009.SZ,2088572,1,2088571,2049361,8.49,100,849.0
2026-04-07 09:31:20.810,20260407,93120810,000009.SZ,2122022,1,2122021,2049361,8.49,700,5943.0
2026-04-07 09:31:20.810,20260407,93120810,000009.SZ,2122023,1,2122021,2055982,8.49,500,4245.0
2026-04-07 09:31:21.230,20260407,93121230,000009.SZ,2126340,-1,1219154,0,0.0,600,0.0
2026-04-07 09:31:21.290,20260407,93121290,000009.SZ,2127137,-1,2091083,0,0.0,1300,0.0
2026-04-07 09:31:21.920,20260407,93121920,000009.SZ,2134529,1,2134528,2055982,8.49,500,4245.0
2026-04-07 09:31:21.920,20260407,93121920,000009.SZ,2134530,1,2134528,2074208,8.49,300,2547.0
2026-04-07 09:31:22.200,20260407,93122200,000009.SZ,2137376,1,2137375,2074208,8.49,400,3396.0
2026-04-07 09:31:22.270,20260407,93122270,000009.SZ,2138188,2,1863707,2138187,8.48,200,1696.0
2026-04-07 09:31:22.270,20260407,93122270,000009.SZ,2138189,2,1990225,2138187,8.48,100,848.0
2026-04-07 09:31:22.280,20260407,93122280,000009.SZ,2138285,2,2002928,2138284,8.48,100,848.0
2026-04-07 09:31:22.280,20260407,93122280,000009.SZ,2138286,2,2022402,2138284,8.48,300,2544.0
2026-04-07 09:31:22.280,20260407,93122280,000009.SZ,2138287,2,2056078,2138284,8.48,300,2544.0
2026-04-07 09:31:22.280,20260407,93122280,000009.SZ,2138288,2,2093100,2138284,8.48,25000,212000.0
2026-04-07 09:31:22.280,20260407,93122280,000009.SZ,2138289,2,2126354,2138284,8.48,200,1696.0
2026-04-07 09:31:22.290,20260407,93122290,000009.SZ,2138431,2,2126354,2138430,8.48,200,1696.0
2026-04-07 09:31:23.300,20260407,93123300,000009.SZ,2149457,-1,0,2138435,0.0,200,0.0
2026-04-07 09:31:23.360,20260407,93123360,000009.SZ,2150012,-1,0,2138436,0.0,200,0.0
2026-04-07 09:31:26.020,20260407,93126020,000009.SZ,2180493,1,2180492,2074208,8.49,500,4245.0
2026-04-07 09:31:26.080,20260407,93126080,000009.SZ,2181060,-1,2159686,0,0.0,1500,0.0
2026-04-07 09:31:26.170,20260407,93126170,000009.SZ,2181856,1,2181855,2074208,8.49,800,6792.0
2026-04-07 09:31:26.770,20260407,93126770,000009.SZ,2187364,1,2187363,2074208,8.49,600,5094.0
2026-04-07 09:31:27.240,20260407,93127240,000009.SZ,2192303,2,2152388,2192302,8.48,1000,8480.0
2026-04-07 09:31:27.380,20260407,93127380,000009.SZ,2193898,1,2193897,2074208,8.49,200,1698.0
2026-04-07 09:31:28.460,20260407,93128460,000009.SZ,2206921,2,2152388,2206920,8.48,500,4240.0
2026-04-07 09:31:28.960,20260407,93128960,000009.SZ,2212823,1,2212822,2074208,8.49,500,4245.0
2026-04-07 09:31:29.780,20260407,93129780,000009.SZ,2219912,1,2219911,2074208,8.49,1700,14433.0
2026-04-07 09:31:29.780,20260407,93129780,000009.SZ,2219913,1,2219911,2089746,8.49,300,2547.0
2026-04-07 09:31:29.780,20260407,93129780,000009.SZ,2219914,1,2219911,2124784,8.49,200,1698.0
2026-04-07 09:31:29.780,20260407,93129780,000009.SZ,2219915,1,2219911,2125082,8.49,100,849.0
2026-04-07 09:31:29.780,20260407,93129780,000009.SZ,2219916,1,2219911,2128942,8.49,100,849.0
2026-04-07 09:31:29.780,20260407,93129780,000009.SZ,2219917,1,2219911,2135913,8.49,200,1698.0
2026-04-07 09:31:29.970,20260407,93129970,000009.SZ,2222073,2,2152388,2222072,8.48,100,848.0
2026-04-07 09:31:30.720,20260407,93130720,000009.SZ,2230976,1,2230975,2135913,8.49,300,2547.0
2026-04-07 09:31:30.720,20260407,93130720,000009.SZ,2231015,1,2231014,2135913,8.49,300,2547.0
2026-04-07 09:31:31.860,20260407,93131860,000009.SZ,2244612,1,2244611,2135913,8.49,600,5094.0
2026-04-07 09:31:31.960,20260407,93131960,000009.SZ,2245552,-1,703595,0,0.0,1000,0.0
2026-04-07 09:31:32.210,20260407,93132210,000009.SZ,2248067,1,2248066,2135913,8.49,400,3396.0
2026-04-07 09:31:32.360,20260407,93132360,000009.SZ,2249167,-1,2226485,0,0.0,1500,0.0
2026-04-07 09:31:32.530,20260407,93132530,000009.SZ,2251080,-1,0,2047889,0.0,1000,0.0
2026-04-07 09:31:33.220,20260407,93133220,000009.SZ,2256923,2,2152388,2256922,8.48,100,848.0
2026-04-07 09:31:33.220,20260407,93133220,000009.SZ,2256974,2,2152388,2256973,8.48,100,848.0
2026-04-07 09:31:33.290,20260407,93133290,000009.SZ,2257667,1,2257666,2135913,8.49,300,2547.0
2026-04-07 09:31:33.370,20260407,93133370,000009.SZ,2258270,1,2258269,2135913,8.49,300,2547.0
2026-04-07 09:31:33.580,20260407,93133580,000009.SZ,2260454,1,2260453,2135913,8.49,300,2547.0
2026-04-07 09:31:35.200,20260407,93135200,000009.SZ,2277527,2,2152388,2277526,8.48,1400,11872.0
2026-04-07 09:31:35.530,20260407,93135530,000009.SZ,2280485,1,2280484,2135913,8.49,7100,60279.0
2026-04-07 09:31:35.530,20260407,93135530,000009.SZ,2280486,1,2280484,2139923,8.49,300,2547.0
2026-04-07 09:31:35.530,20260407,93135530,000009.SZ,2280487,1,2280484,2157600,8.49,2800,23772.0
2026-04-07 09:31:35.530,20260407,93135530,000009.SZ,2280488,1,2280484,2165017,8.49,5000,42450.0
2026-04-07 09:31:35.530,20260407,93135530,000009.SZ,2280489,1,2280484,2207994,8.49,1800,15282.0
2026-04-07 09:31:35.530,20260407,93135530,000009.SZ,2280490,1,2280484,2210593,8.49,300,2547.0
2026-04-07 09:31:35.530,20260407,93135530,000009.SZ,2280491,1,2280484,2244100,8.49,300,2547.0
2026-04-07 09:31:35.530,20260407,93135530,000009.SZ,2280492,1,2280484,2245905,8.49,100,849.0
2026-04-07 09:31:35.530,20260407,93135530,000009.SZ,2280493,1,2280484,2256663,8.49,400,3396.0
2026-04-07 09:31:35.530,20260407,93135530,000009.SZ,2280494,1,2280484,2268144,8.49,600,5094.0
2026-04-07 09:31:35.540,20260407,93135540,000009.SZ,2280568,2,2280484,2280567,8.49,1300,11037.0
2026-04-07 09:31:35.660,20260407,93135660,000009.SZ,2281733,2,2152388,2281732,8.48,1000,8480.0
2026-04-07 09:31:35.870,20260407,93135870,000009.SZ,2283583,2,2152388,2283582,8.48,500,4240.0
2026-04-07 09:31:36.150,20260407,93136150,000009.SZ,2286237,1,2286236,2280588,8.49,200,1698.0
2026-04-07 09:31:36.160,20260407,93136160,000009.SZ,2286327,1,2286326,2280588,8.49,300,2547.0
2026-04-07 09:31:36.220,20260407,93136220,000009.SZ,2287055,1,2287054,2280588,8.49,200,1698.0
2026-04-07 09:31:37.900,20260407,93137900,000009.SZ,2305040,1,2305039,2280588,8.49,600,5094.0
2026-04-07 09:31:37.950,20260407,93137950,000009.SZ,2305569,1,2305568,2282116,8.49,200,1698.0
2026-04-07 09:31:37.950,20260407,93137950,000009.SZ,2305570,1,2305568,2294061,8.49,900,7641.0
2026-04-07 09:31:38.140,20260407,93138140,000009.SZ,2307326,1,2307325,2294061,8.49,200,1698.0
2026-04-07 09:31:38.140,20260407,93138140,000009.SZ,2307327,1,2307325,1760379,8.5,10200,86700.0
2026-04-07 09:31:38.140,20260407,93138140,000009.SZ,2307328,1,2307325,1780435,8.5,9600,81600.0
2026-04-07 09:31:38.340,20260407,93138340,000009.SZ,2308973,2,2307353,2308972,8.49,1000,8490.0
2026-04-07 09:31:38.390,20260407,93138390,000009.SZ,2309484,-1,2268284,0,0.0,1700,0.0
2026-04-07 09:31:38.950,20260407,93138950,000009.SZ,2314594,1,2314593,1780435,8.5,400,3400.0
2026-04-07 09:31:38.950,20260407,93138950,000009.SZ,2314595,1,2314593,1834453,8.5,1300,11050.0
2026-04-07 09:31:39.200,20260407,93139200,000009.SZ,2316934,1,2316933,1834453,8.5,200,1700.0
2026-04-07 09:31:39.840,20260407,93139840,000009.SZ,2323490,-1,2307422,0,0.0,900,0.0
2026-04-07 09:31:39.840,20260407,93139840,000009.SZ,2323491,-1,2307428,0,0.0,100,0.0
2026-04-07 09:31:40.280,20260407,93140280,000009.SZ,2327815,-1,1768126,0,0.0,6800,0.0
2026-04-07 09:31:41.690,20260407,93141690,000009.SZ,2342076,1,2342075,1834453,8.5,1200,10200.0
2026-04-07 09:31:42.150,20260407,93142150,000009.SZ,2346377,-1,2286238,0,0.0,400,0.0
2026-04-07 09:31:42.190,20260407,93142190,000009.SZ,2346895,1,2346894,1834453,8.5,2300,19550.0
2026-04-07 09:31:42.190,20260407,93142190,000009.SZ,2346896,1,2346894,1895579,8.5,2400,20400.0
2026-04-07 09:31:42.210,20260407,93142210,000009.SZ,2347098,-1,1055709,0,0.0,200,0.0
2026-04-07 09:31:42.240,20260407,93142240,000009.SZ,2347549,1,2347548,1895579,8.5,600,5100.0
2026-04-07 09:31:42.330,20260407,93142330,000009.SZ,2348704,-1,0,717462,0.0,2000,0.0
2026-04-07 09:31:42.740,20260407,93142740,000009.SZ,2352681,-1,263628,0,0.0,1500,0.0
2026-04-07 09:31:42.870,20260407,93142870,000009.SZ,2353952,2,2307353,2353951,8.49,100,849.0
2026-04-07 09:31:42.910,20260407,93142910,000009.SZ,2354266,2,2307353,2354265,8.49,500,4245.0
2026-04-07 09:31:42.940,20260407,93142940,000009.SZ,2354640,2,2307353,2354639,8.49,1800,15282.0
2026-04-07 09:31:42.960,20260407,93142960,000009.SZ,2354835,2,2307353,2354834,8.49,300,2547.0
2026-04-07 09:31:42.960,20260407,93142960,000009.SZ,2354836,2,2307363,2354834,8.49,800,6792.0
2026-04-07 09:31:42.980,20260407,93142980,000009.SZ,2355081,2,2307363,2355080,8.49,3000,25470.0
2026-04-07 09:31:43.130,20260407,93143130,000009.SZ,2356804,2,2307363,2356803,8.49,600,5094.0
2026-04-07 09:31:43.140,20260407,93143140,000009.SZ,2356990,2,2307363,2356989,8.49,2300,19527.0
2026-04-07 09:31:43.140,20260407,93143140,000009.SZ,2356991,2,2340615,2356989,8.49,2000,16980.0
2026-04-07 09:31:43.140,20260407,93143140,000009.SZ,2356992,2,2347117,2356989,8.49,500,4245.0
2026-04-07 09:31:43.140,20260407,93143140,000009.SZ,2356993,2,2347118,2356989,8.49,500,4245.0
2026-04-07 09:31:43.200,20260407,93143200,000009.SZ,2357638,1,2357637,2356989,8.49,600,5094.0
2026-04-07 09:31:43.210,20260407,93143210,000009.SZ,2357711,2,2357637,2357710,8.49,900,7641.0
2026-04-07 09:31:44.330,20260407,93144330,000009.SZ,2368664,1,2368663,2358756,8.49,300,2547.0
2026-04-07 09:31:47.650,20260407,93147650,000009.SZ,2400876,2,2152388,2400875,8.48,100,848.0
2026-04-07 09:31:47.690,20260407,93147690,000009.SZ,2401052,1,2401051,2358756,8.49,600,5094.0
2026-04-07 09:31:47.970,20260407,93147970,000009.SZ,2403193,2,2152388,2403192,8.48,2400,20352.0
2026-04-07 09:31:49.130,20260407,93149130,000009.SZ,2414517,1,2414516,2358756,8.49,600,5094.0
2026-04-07 09:31:50.020,20260407,93150020,000009.SZ,2423713,1,2423712,2358756,8.49,600,5094.0
2026-04-07 09:31:50.190,20260407,93150190,000009.SZ,2425275,1,2425274,2358756,8.49,300,2547.0
2026-04-07 09:31:50.190,20260407,93150190,000009.SZ,2425276,1,2425274,2383566,8.49,700,5943.0
2026-04-07 09:31:50.590,20260407,93150590,000009.SZ,2428072,-1,1201303,0,0.0,5000,0.0
2026-04-07 09:31:51.670,20260407,93151670,000009.SZ,2438176,1,2438175,2398076,8.49,100,849.0
2026-04-07 09:31:51.710,20260407,93151710,000009.SZ,2438792,1,2438791,2398076,8.49,200,1698.0
2026-04-07 09:31:51.710,20260407,93151710,000009.SZ,2438793,1,2438791,2412497,8.49,400,3396.0
2026-04-07 09:31:52.270,20260407,93152270,000009.SZ,2443939,1,2443938,2412497,8.49,300,2547.0
2026-04-07 09:31:52.340,20260407,93152340,000009.SZ,2444695,1,2444694,2419271,8.49,200,1698.0
2026-04-07 09:31:53.220,20260407,93153220,000009.SZ,2453084,1,2453083,2432803,8.49,300,2547.0
2026-04-07 09:31:53.280,20260407,93153280,000009.SZ,2453576,1,2453575,2432803,8.49,300,2547.0
2026-04-07 09:31:53.640,20260407,93153640,000009.SZ,2457523,-1,0,72114,0.0,800,0.0
2026-04-07 09:31:54.530,20260407,93154530,000009.SZ,2465753,-1,1976415,0,0.0,2000,0.0
2026-04-07 09:31:54.640,20260407,93154640,000009.SZ,2467109,1,2467108,2432803,8.49,200,1698.0
2026-04-07 09:31:54.640,20260407,93154640,000009.SZ,2467110,1,2467108,2434124,8.49,400,3396.0
2026-04-07 09:31:54.990,20260407,93154990,000009.SZ,2470370,1,2470369,2434124,8.49,1800,15282.0
2026-04-07 09:31:55.020,20260407,93155020,000009.SZ,2470638,1,2470637,2434124,8.49,1200,10188.0
2026-04-07 09:31:55.100,20260407,93155100,000009.SZ,2471491,-1,0,2337258,0.0,100,0.0
2026-04-07 09:31:57.190,20260407,93157190,000009.SZ,2491701,1,2491700,2434124,8.49,300,2547.0
2026-04-07 09:31:57.240,20260407,93157240,000009.SZ,2492370,1,2492369,2434124,8.49,300,2547.0
2026-04-07 09:31:57.290,20260407,93157290,000009.SZ,2493047,-1,341871,0,0.0,5200,0.0
2026-04-07 09:31:57.340,20260407,93157340,000009.SZ,2493688,1,2493687,2434124,8.49,4000,33960.0
2026-04-07 09:31:57.500,20260407,93157500,000009.SZ,2495451,1,2495450,2434124,8.49,1200,10188.0
2026-04-07 09:31:57.920,20260407,93157920,000009.SZ,2499909,1,2499908,2434124,8.49,500,4245.0
2026-04-07 09:31:58.420,20260407,93158420,000009.SZ,2504942,1,2504941,2434124,8.49,200,1698.0
2026-04-07 09:31:58.510,20260407,93158510,000009.SZ,2506049,1,2506048,2434124,8.49,200,1698.0
2026-04-07 09:31:59.480,20260407,93159480,000009.SZ,2514584,1,2514583,2434124,8.49,700,5943.0
2026-04-07 09:32:00.070,20260407,93200070,000009.SZ,2519625,1,2519624,2434124,8.49,2400,20376.0
2026-04-07 09:32:00.140,20260407,93200140,000009.SZ,2520432,2,2152388,2520431,8.48,2700,22896.0
2026-04-07 09:32:00.190,20260407,93200190,000009.SZ,2521188,1,2521187,2434124,8.49,300,2547.0
2026-04-07 09:32:00.200,20260407,93200200,000009.SZ,2521371,1,2521370,2434124,8.49,300,2547.0
2026-04-07 09:32:00.210,20260407,93200210,000009.SZ,2521459,2,2152388,2521458,8.48,1300,11024.0
2026-04-07 09:32:00.890,20260407,93200890,000009.SZ,2530026,2,2152388,2530025,8.48,1300,11024.0
2026-04-07 09:32:01.500,20260407,93201500,000009.SZ,2536946,2,2152388,2536945,8.48,100,848.0
2026-04-07 09:32:02.110,20260407,93202110,000009.SZ,2543596,1,2543595,2434124,8.49,600,5094.0
2026-04-07 09:32:02.500,20260407,93202500,000009.SZ,2546703,1,2546702,2434124,8.49,600,5094.0
2026-04-07 09:32:03.030,20260407,93203030,000009.SZ,2551378,1,2551377,2434124,8.49,300,2547.0
2026-04-07 09:32:03.220,20260407,93203220,000009.SZ,2553332,1,2553331,2434124,8.49,300,2547.0
2026-04-07 09:32:03.240,20260407,93203240,000009.SZ,2553523,2,2152388,2553522,8.48,100,848.0
2026-04-07 09:32:03.380,20260407,93203380,000009.SZ,2555616,1,2555615,2434124,8.49,600,5094.0
2026-04-07 09:32:03.400,20260407,93203400,000009.SZ,2555897,1,2555896,2434124,8.49,1200,10188.0
2026-04-07 09:32:03.410,20260407,93203410,000009.SZ,2556032,1,2556031,2434124,8.49,100,849.0
2026-04-07 09:32:03.570,20260407,93203570,000009.SZ,2557889,1,2557888,2434124,8.49,300,2547.0
2026-04-07 09:32:03.580,20260407,93203580,000009.SZ,2558001,1,2558000,2434124,8.49,3500,29715.0
2026-04-07 09:32:03.580,20260407,93203580,000009.SZ,2558002,1,2558000,2434740,8.49,300,2547.0
2026-04-07 09:32:03.580,20260407,93203580,000009.SZ,2558003,1,2558000,2434741,8.49,400,3396.0
2026-04-07 09:32:03.580,20260407,93203580,000009.SZ,2558004,1,2558000,2434868,8.49,200,1698.0
2026-04-07 09:32:03.580,20260407,93203580,000009.SZ,2558005,1,2558000,2440407,8.49,100,849.0
2026-04-07 09:32:03.580,20260407,93203580,000009.SZ,2558006,1,2558000,2448122,8.49,1200,10188.0
2026-04-07 09:32:03.580,20260407,93203580,000009.SZ,2558007,1,2558000,2454850,8.49,200,1698.0
2026-04-07 09:32:03.580,20260407,93203580,000009.SZ,2558008,1,2558000,2472777,8.49,100,849.0
2026-04-07 09:32:03.580,20260407,93203580,000009.SZ,2558009,1,2558000,2531346,8.49,100,849.0
2026-04-07 09:32:03.580,20260407,93203580,000009.SZ,2558010,1,2558000,2532365,8.49,100,849.0
2026-04-07 09:32:05.030,20260407,93205030,000009.SZ,2575510,1,2575509,2575471,8.49,1900,16131.0
2026-04-07 09:32:05.040,20260407,93205040,000009.SZ,2575599,1,2575598,2575471,8.49,100,849.0
2026-04-07 09:32:05.070,20260407,93205070,000009.SZ,2575988,-1,2575607,0,0.0,200,0.0
2026-04-07 09:32:05.090,20260407,93205090,000009.SZ,2576186,-1,2575602,0,0.0,100,0.0
2026-04-07 09:32:05.140,20260407,93205140,000009.SZ,2576604,-1,2575612,0,0.0,100,0.0
2026-04-07 09:32:05.170,20260407,93205170,000009.SZ,2576895,2,2575603,2576894,8.49,100,849.0
2026-04-07 09:32:05.170,20260407,93205170,000009.SZ,2576896,2,2575606,2576894,8.49,1100,9339.0
2026-04-07 09:32:05.550,20260407,93205550,000009.SZ,2580089,2,2575606,2580088,8.49,500,4245.0
2026-04-07 09:32:05.570,20260407,93205570,000009.SZ,2580339,2,2575606,2580338,8.49,200,1698.0
2026-04-07 09:32:06.070,20260407,93206070,000009.SZ,2584909,-1,2575709,0,0.0,100,0.0
2026-04-07 09:32:06.080,20260407,93206080,000009.SZ,2584936,-1,2575621,0,0.0,100,0.0
2026-04-07 09:32:06.120,20260407,93206120,000009.SZ,2585362,-1,2575708,0,0.0,100,0.0
2026-04-07 09:32:06.130,20260407,93206130,000009.SZ,2585558,2,2575606,2585557,8.49,100,849.0
2026-04-07 09:32:06.150,20260407,93206150,000009.SZ,2585755,-1,2575623,0,0.0,100,0.0
2026-04-07 09:32:06.190,20260407,93206190,000009.SZ,2586176,1,2586175,1947659,8.5,3000,25500.0
2026-04-07 09:32:06.290,20260407,93206290,000009.SZ,2587329,1,2587328,1991924,8.5,300,2550.0
2026-04-07 09:32:06.360,20260407,93206360,000009.SZ,2588084,2,2575606,2588083,8.49,100,849.0
2026-04-07 09:32:06.400,20260407,93206400,000009.SZ,2588542,1,2588541,1991924,8.5,300,2550.0
2026-04-07 09:32:06.740,20260407,93206740,000009.SZ,2592139,2,2585713,2592138,8.49,300,2547.0
2026-04-07 09:32:07.050,20260407,93207050,000009.SZ,2596305,1,2596304,2110535,8.5,1000,8500.0
2026-04-07 09:32:07.050,20260407,93207050,000009.SZ,2596306,1,2596304,2116844,8.5,2000,17000.0
2026-04-07 09:32:07.050,20260407,93207050,000009.SZ,2596307,1,2596304,2246267,8.5,1300,11050.0
2026-04-07 09:32:07.200,20260407,93207200,000009.SZ,2598015,1,2598014,2246267,8.5,200,1700.0
2026-04-07 09:32:07.480,20260407,93207480,000009.SZ,2601034,-1,2252037,0,0.0,100,0.0
2026-04-07 09:32:07.950,20260407,93207950,000009.SZ,2605902,-1,574083,0,0.0,2000,0.0
2026-04-07 09:32:08.000,20260407,93208000,000009.SZ,2606239,2,2585713,2606238,8.49,600,5094.0
2026-04-07 09:32:08.180,20260407,93208180,000009.SZ,2608056,2,2585713,2608055,8.49,100,849.0
2026-04-07 09:32:08.240,20260407,93208240,000009.SZ,2608633,2,2585713,2608632,8.49,1100,9339.0
2026-04-07 09:32:08.240,20260407,93208240,000009.SZ,2608634,2,2593970,2608632,8.49,500,4245.0
2026-04-07 09:32:08.240,20260407,93208240,000009.SZ,2608635,2,2596473,2608632,8.49,100,849.0
2026-04-07 09:32:08.250,20260407,93208250,000009.SZ,2608735,1,2608734,2608632,8.49,400,3396.0
2026-04-07 09:32:08.250,20260407,93208250,000009.SZ,2608742,1,2608741,2608632,8.49,600,5094.0
2026-04-07 09:32:08.400,20260407,93208400,000009.SZ,2609911,1,2609910,2608632,8.49,5100,43299.0
2026-04-07 09:32:08.410,20260407,93208410,000009.SZ,2609981,1,2609980,2608632,8.49,4200,35658.0
2026-04-07 09:32:08.420,20260407,93208420,000009.SZ,2610028,1,2610027,2608632,8.49,100,849.0
2026-04-07 09:32:08.430,20260407,93208430,000009.SZ,2610099,1,2610098,2608632,8.49,100,849.0
2026-04-07 09:32:08.620,20260407,93208620,000009.SZ,2611667,1,2611666,2608632,8.49,100,849.0
2026-04-07 09:32:08.620,20260407,93208620,000009.SZ,2611668,1,2611666,2246267,8.5,100,850.0
2026-04-07 09:32:09.210,20260407,93209210,000009.SZ,2616946,2,2152388,2616945,8.48,100,848.0
2026-04-07 09:32:09.230,20260407,93209230,000009.SZ,2617082,1,2617081,2246267,8.5,100,850.0
2026-04-07 09:32:09.740,20260407,93209740,000009.SZ,2621909,1,2621908,2618588,8.49,700,5943.0
2026-04-07 09:32:09.740,20260407,93209740,000009.SZ,2621910,1,2621908,2621731,8.49,300,2547.0
2026-04-07 09:32:10.750,20260407,93210750,000009.SZ,2632968,1,2632967,2621731,8.49,100,849.0
2026-04-07 09:32:10.750,20260407,93210750,000009.SZ,2632969,1,2632967,2622267,8.49,500,4245.0
2026-04-07 09:32:10.910,20260407,93210910,000009.SZ,2634283,1,2634282,2622267,8.49,2400,20376.0
2026-04-07 09:32:10.920,20260407,93210920,000009.SZ,2634607,1,2634606,2622267,8.49,100,849.0
2026-04-07 09:32:10.920,20260407,93210920,000009.SZ,2634609,1,2634608,2622267,8.49,100,849.0
2026-04-07 09:32:11.490,20260407,93211490,000009.SZ,2639817,1,2639816,2622267,8.49,1900,16131.0
2026-04-07 09:32:11.680,20260407,93211680,000009.SZ,2641242,1,2641241,2246267,8.5,300,2550.0
2026-04-07 09:32:11.740,20260407,93211740,000009.SZ,2641699,-1,2544090,0,0.0,1100,0.0
2026-04-07 09:32:12.170,20260407,93212170,000009.SZ,2645226,1,2645225,2338546,8.5,200,1700.0
2026-04-07 09:32:12.170,20260407,93212170,000009.SZ,2645227,1,2645225,2340152,8.5,300,2550.0
2026-04-07 09:32:12.170,20260407,93212170,000009.SZ,2645228,1,2645225,2369902,8.5,2000,17000.0
2026-04-07 09:32:12.230,20260407,93212230,000009.SZ,2646007,1,2646006,2369902,8.5,4000,34000.0
2026-04-07 09:32:12.230,20260407,93212230,000009.SZ,2646008,1,2646006,2402184,8.5,500,4250.0
2026-04-07 09:32:12.230,20260407,93212230,000009.SZ,2646009,1,2646006,2426471,8.5,2000,17000.0
2026-04-07 09:32:12.230,20260407,93212230,000009.SZ,2646010,1,2646006,2437893,8.5,3000,25500.0
2026-04-07 09:32:12.230,20260407,93212230,000009.SZ,2646011,1,2646006,2512342,8.5,1300,11050.0
2026-04-07 09:32:12.230,20260407,93212230,000009.SZ,2646012,1,2646006,2531347,8.5,100,850.0
2026-04-07 09:32:12.230,20260407,93212230,000009.SZ,2646013,1,2646006,2558404,8.5,1100,9350.0
2026-04-07 09:32:12.380,20260407,93212380,000009.SZ,2647469,2,2639816,2647468,8.49,500,4245.0
2026-04-07 09:32:12.480,20260407,93212480,000009.SZ,2648438,1,2648437,2558404,8.5,200,1700.0
2026-04-07 09:32:12.480,20260407,93212480,000009.SZ,2648480,1,2648479,2558404,8.5,600,5100.0
2026-04-07 09:32:12.740,20260407,93212740,000009.SZ,2651016,1,2651015,2558404,8.5,200,1700.0
2026-04-07 09:32:12.930,20260407,93212930,000009.SZ,2652947,1,2652946,2558404,8.5,600,5100.0
2026-04-07 09:32:13.080,20260407,93213080,000009.SZ,2654261,-1,1772018,0,0.0,500,0.0
2026-04-07 09:32:13.420,20260407,93213420,000009.SZ,2658058,1,2658057,2558404,8.5,300,2550.0
2026-04-07 09:32:13.420,20260407,93213420,000009.SZ,2658059,1,2658057,2574584,8.5,300,2550.0
2026-04-07 09:32:13.560,20260407,93213560,000009.SZ,2659542,1,2659541,2574584,8.5,1000,8500.0
2026-04-07 09:32:13.780,20260407,93213780,000009.SZ,2661898,-1,0,653325,0.0,50000,0.0
2026-04-07 09:32:13.870,20260407,93213870,000009.SZ,2662706,-1,150023,0,0.0,300,0.0
2026-04-07 09:32:14.050,20260407,93214050,000009.SZ,2664549,2,2639816,2664548,8.49,200,1698.0
2026-04-07 09:32:14.150,20260407,93214150,000009.SZ,2665512,-1,2465277,0,0.0,500,0.0
2026-04-07 09:32:14.340,20260407,93214340,000009.SZ,2666950,1,2666949,2574584,8.5,700,5950.0
2026-04-07 09:32:14.340,20260407,93214340,000009.SZ,2666951,1,2666949,2584872,8.5,1900,16150.0
2026-04-07 09:32:14.340,20260407,93214340,000009.SZ,2667009,1,2667008,2584872,8.5,100,850.0
2026-04-07 09:32:14.340,20260407,93214340,000009.SZ,2667011,1,2667010,2611247,8.5,100,850.0
2026-04-07 09:32:14.340,20260407,93214340,000009.SZ,2667020,1,2667019,2612366,8.5,100,850.0
2026-04-07 09:32:14.340,20260407,93214340,000009.SZ,2667021,1,2667019,2628801,8.5,100,850.0
2026-04-07 09:32:14.340,20260407,93214340,000009.SZ,2667024,1,2667023,2628801,8.5,200,1700.0
2026-04-07 09:32:14.430,20260407,93214430,000009.SZ,2667738,-1,2303173,0,0.0,500,0.0
2026-04-07 09:32:14.480,20260407,93214480,000009.SZ,2668276,1,2668275,2628801,8.5,200,1700.0
2026-04-07 09:32:14.480,20260407,93214480,000009.SZ,2668277,1,2668275,2628804,8.5,400,3400.0
2026-04-07 09:32:14.490,20260407,93214490,000009.SZ,2668392,1,2668391,2628804,8.5,100,850.0
2026-04-07 09:32:14.700,20260407,93214700,000009.SZ,2670083,1,2670082,2628804,8.5,300,2550.0
2026-04-07 09:32:14.780,20260407,93214780,000009.SZ,2670791,1,2670790,2628804,8.5,100,850.0
2026-04-07 09:32:14.780,20260407,93214780,000009.SZ,2670792,1,2670790,2637470,8.5,200,1700.0
2026-04-07 09:32:15.660,20260407,93215660,000009.SZ,2679455,1,2679454,2637470,8.5,200,1700.0
2026-04-07 09:32:15.660,20260407,93215660,000009.SZ,2679456,1,2679454,2638511,8.5,400,3400.0
2026-04-07 09:32:15.660,20260407,93215660,000009.SZ,2679457,1,2679454,555155,8.51,1700,14467.0
2026-04-07 09:32:15.660,20260407,93215660,000009.SZ,2679458,1,2679454,575550,8.51,700,5957.0
2026-04-07 09:32:15.690,20260407,93215690,000009.SZ,2679673,1,2679672,2679552,8.5,400,3400.0
2026-04-07 09:32:15.840,20260407,93215840,000009.SZ,2680864,1,2680863,2679552,8.5,600,5100.0
2026-04-07 09:32:16.600,20260407,93216600,000009.SZ,2689565,2,2639816,2689564,8.49,500,4245.0
2026-04-07 09:32:17.050,20260407,93217050,000009.SZ,2694369,-1,671355,0,0.0,500,0.0
2026-04-07 09:32:17.640,20260407,93217640,000009.SZ,2700106,-1,2465523,0,0.0,200,0.0
2026-04-07 09:32:17.660,20260407,93217660,000009.SZ,2700290,1,2700289,2679552,8.5,200,1700.0
2026-04-07 09:32:18.150,20260407,93218150,000009.SZ,2704611,-1,2674128,0,0.0,400,0.0
2026-04-07 09:32:18.210,20260407,93218210,000009.SZ,2705239,-1,2256908,0,0.0,200,0.0
2026-04-07 09:32:18.780,20260407,93218780,000009.SZ,2711279,1,2711278,2697103,8.5,300,2550.0
2026-04-07 09:32:20.250,20260407,93220250,000009.SZ,2726387,1,2726386,2697103,8.5,100,850.0
2026-04-07 09:32:20.250,20260407,93220250,000009.SZ,2726388,1,2726386,575550,8.51,300,2553.0
2026-04-07 09:32:20.250,20260407,93220250,000009.SZ,2726389,1,2726386,687640,8.51,100,851.0
2026-04-07 09:32:20.250,20260407,93220250,000009.SZ,2726390,1,2726386,920619,8.51,1900,16169.0
2026-04-07 09:32:20.270,20260407,93220270,000009.SZ,2726681,-1,0,1633477,0.0,6400,0.0
2026-04-07 09:32:20.550,20260407,93220550,000009.SZ,2729099,1,2729098,2727260,8.5,100,850.0
2026-04-07 09:32:20.560,20260407,93220560,000009.SZ,2729172,2,2729098,2729171,8.5,400,3400.0
2026-04-07 09:32:20.560,20260407,93220560,000009.SZ,2729176,2,2729098,2729175,8.5,200,1700.0
2026-04-07 09:32:20.560,20260407,93220560,000009.SZ,2729179,2,2729098,2729178,8.5,400,3400.0
2026-04-07 09:32:20.610,20260407,93220610,000009.SZ,2729684,-1,2639816,0,0.0,5200,0.0
2026-04-07 09:32:21.170,20260407,93221170,000009.SZ,2734401,1,2734400,920619,8.51,400,3404.0
2026-04-07 09:32:21.170,20260407,93221170,000009.SZ,2734402,1,2734400,1569013,8.51,300,2553.0
2026-04-07 09:32:21.170,20260407,93221170,000009.SZ,2734403,1,2734400,1665613,8.51,500,4255.0
2026-04-07 09:32:21.170,20260407,93221170,000009.SZ,2734404,1,2734400,1826672,8.51,1000,8510.0
2026-04-07 09:32:21.170,20260407,93221170,000009.SZ,2734405,1,2734400,2674206,8.51,100,851.0
2026-04-07 09:32:21.170,20260407,93221170,000009.SZ,2734406,1,2734400,2734114,8.51,100,851.0
2026-04-07 09:32:21.170,20260407,93221170,000009.SZ,2734407,1,2734400,170503,8.52,600,5112.0
2026-04-07 09:32:21.170,20260407,93221170,000009.SZ,2734408,1,2734400,201061,8.52,100,852.0
2026-04-07 09:32:21.170,20260407,93221170,000009.SZ,2734409,1,2734400,279188,8.52,500,4260.0
2026-04-07 09:32:21.220,20260407,93221220,000009.SZ,2735010,-1,2566063,0,0.0,100,0.0
2026-04-07 09:32:21.680,20260407,93221680,000009.SZ,2739329,2,2729098,2739328,8.5,1500,12750.0
2026-04-07 09:32:21.680,20260407,93221680,000009.SZ,2739330,2,2729904,2739328,8.5,300,2550.0
2026-04-07 09:32:21.680,20260407,93221680,000009.SZ,2739331,2,2657206,2739328,8.49,200,1698.0
2026-04-07 09:32:21.680,20260407,93221680,000009.SZ,2739332,2,2667006,2739328,8.49,500,4245.0
2026-04-07 09:32:21.680,20260407,93221680,000009.SZ,2739333,2,2705289,2739328,8.49,400,3396.0
2026-04-07 09:32:21.680,20260407,93221680,000009.SZ,2739334,2,2705296,2739328,8.49,300,2547.0
2026-04-07 09:32:21.700,20260407,93221700,000009.SZ,2739543,1,2739542,2739328,8.49,100,849.0
2026-04-07 09:32:21.700,20260407,93221700,000009.SZ,2739546,1,2739545,2739328,8.49,300,2547.0
2026-04-07 09:32:21.700,20260407,93221700,000009.SZ,2739549,1,2739548,2739328,8.49,900,7641.0
2026-04-07 09:32:21.700,20260407,93221700,000009.SZ,2739552,1,2739551,2739328,8.49,300,2547.0
2026-04-07 09:32:21.700,20260407,93221700,000009.SZ,2739555,1,2739554,2739328,8.49,300,2547.0
2026-04-07 09:32:21.700,20260407,93221700,000009.SZ,2739559,1,2739558,2739328,8.49,1600,13584.0
2026-04-07 09:32:21.700,20260407,93221700,000009.SZ,2739562,1,2739561,2739328,8.49,100,849.0
2026-04-07 09:32:21.700,20260407,93221700,000009.SZ,2739583,1,2739582,2739328,8.49,1300,11037.0
2026-04-07 09:32:21.700,20260407,93221700,000009.SZ,2739598,1,2739597,2739328,8.49,1300,11037.0
2026-04-07 09:32:21.710,20260407,93221710,000009.SZ,2739751,1,2739750,2739328,8.49,100,849.0
2026-04-07 09:32:21.710,20260407,93221710,000009.SZ,2739767,1,2739766,2739328,8.49,1300,11037.0
2026-04-07 09:32:21.710,20260407,93221710,000009.SZ,2739789,1,2739788,2739328,8.49,500,4245.0
2026-04-07 09:32:21.710,20260407,93221710,000009.SZ,2739849,1,2739848,2739328,8.49,1300,11037.0
2026-04-07 09:32:21.720,20260407,93221720,000009.SZ,2739889,1,2739888,2739328,8.49,1300,11037.0
2026-04-07 09:32:21.720,20260407,93221720,000009.SZ,2739906,1,2739905,2739328,8.49,2600,22074.0
2026-04-07 09:32:21.730,20260407,93221730,000009.SZ,2740065,1,2740064,2739328,8.49,1900,16131.0
2026-04-07 09:32:21.730,20260407,93221730,000009.SZ,2740080,1,2740079,2739328,8.49,2100,17829.0
2026-04-07 09:32:21.780,20260407,93221780,000009.SZ,2740837,1,2740836,2739328,8.49,100,849.0
2026-04-07 09:32:21.790,20260407,93221790,000009.SZ,2740946,1,2740945,2739328,8.49,100,849.0
2026-04-07 09:32:21.970,20260407,93221970,000009.SZ,2742465,-1,2574880,0,0.0,200,0.0
2026-04-07 09:32:21.970,20260407,93221970,000009.SZ,2742488,-1,2583649,0,0.0,100,0.0
2026-04-07 09:32:21.980,20260407,93221980,000009.SZ,2742580,1,2742579,2739328,8.49,17800,151122.0
2026-04-07 09:32:21.980,20260407,93221980,000009.SZ,2742597,1,2742596,2739328,8.49,2100,17829.0
2026-04-07 09:32:22.000,20260407,93222000,000009.SZ,2742680,1,2742679,2739328,8.49,600,5094.0
2026-04-07 09:32:22.000,20260407,93222000,000009.SZ,2742682,1,2742681,2739328,8.49,600,5094.0
2026-04-07 09:32:22.000,20260407,93222000,000009.SZ,2742684,1,2742683,2739328,8.49,8200,69618.0
2026-04-07 09:32:22.020,20260407,93222020,000009.SZ,2742891,1,2742890,2734579,8.51,100,851.0
2026-04-07 09:32:22.050,20260407,93222050,000009.SZ,2743159,-1,2742687,0,0.0,800,0.0
2026-04-07 09:32:22.090,20260407,93222090,000009.SZ,2743624,-1,2742695,0,0.0,200,0.0
2026-04-07 09:32:23.040,20260407,93223040,000009.SZ,2754403,-1,2742713,0,0.0,300,0.0
2026-04-07 09:32:23.620,20260407,93223620,000009.SZ,2759902,-1,2742694,0,0.0,3900,0.0
2026-04-07 09:32:23.620,20260407,93223620,000009.SZ,2759903,-1,2742688,0,0.0,11500,0.0
2026-04-07 09:32:23.660,20260407,93223660,000009.SZ,2760172,-1,2742699,0,0.0,2100,0.0
2026-04-07 09:32:24.960,20260407,93224960,000009.SZ,2774682,2,2744729,2774681,8.5,100,850.0
2026-04-07 09:32:24.960,20260407,93224960,000009.SZ,2774683,2,2744983,2774681,8.5,500,4250.0
2026-04-07 09:32:24.960,20260407,93224960,000009.SZ,2774684,2,2751861,2774681,8.5,300,2550.0
2026-04-07 09:32:24.960,20260407,93224960,000009.SZ,2774685,2,2753652,2774681,8.5,100,850.0
2026-04-07 09:32:24.960,20260407,93224960,000009.SZ,2774686,2,2742683,2774681,8.49,1200,10188.0
2026-04-07 09:32:24.960,20260407,93224960,000009.SZ,2774737,1,2774736,2774681,8.49,2800,23772.0
2026-04-07 09:32:25.250,20260407,93225250,000009.SZ,2778451,1,2778450,2734579,8.51,600,5106.0
2026-04-07 09:32:25.480,20260407,93225480,000009.SZ,2781601,-1,154038,0,0.0,5000,0.0
2026-04-07 09:32:25.990,20260407,93225990,000009.SZ,2787207,-1,2774837,0,0.0,200,0.0
2026-04-07 09:32:26.960,20260407,93226960,000009.SZ,2795759,2,2795704,2795758,8.5,300,2550.0
2026-04-07 09:32:26.960,20260407,93226960,000009.SZ,2795761,2,2795704,2795760,8.5,100,850.0
2026-04-07 09:32:26.960,20260407,93226960,000009.SZ,2795763,2,2795704,2795762,8.5,300,2550.0
2026-04-07 09:32:26.960,20260407,93226960,000009.SZ,2795767,2,2795704,2795766,8.5,300,2550.0
2026-04-07 09:32:27.010,20260407,93227010,000009.SZ,2796149,1,2796148,2734579,8.51,100,851.0
2026-04-07 09:32:27.440,20260407,93227440,000009.SZ,2800858,-1,2680474,0,0.0,1500,0.0
2026-04-07 09:32:28.280,20260407,93228280,000009.SZ,2810079,1,2810078,2734579,8.51,400,3404.0
2026-04-07 09:32:28.280,20260407,93228280,000009.SZ,2810080,1,2810078,2755679,8.51,1700,14467.0
2026-04-07 09:32:28.460,20260407,93228460,000009.SZ,2813152,1,2813151,2755679,8.51,600,5106.0
2026-04-07 09:32:28.810,20260407,93228810,000009.SZ,2816631,-1,2530927,0,0.0,7000,0.0
2026-04-07 09:32:29.580,20260407,93229580,000009.SZ,2823024,-1,837426,0,0.0,1200,0.0
2026-04-07 09:32:29.920,20260407,93229920,000009.SZ,2825769,2,2795704,2825768,8.5,300,2550.0
2026-04-07 09:32:30.100,20260407,93230100,000009.SZ,2827285,-1,139992,0,0.0,2300,0.0
2026-04-07 09:32:30.250,20260407,93230250,000009.SZ,2828659,2,2795704,2828658,8.5,100,850.0
2026-04-07 09:32:30.920,20260407,93230920,000009.SZ,2835432,1,2835431,2755679,8.51,7500,63825.0
2026-04-07 09:32:30.920,20260407,93230920,000009.SZ,2835433,1,2835431,2806495,8.51,900,7659.0
2026-04-07 09:32:30.940,20260407,93230940,000009.SZ,2835567,2,2835431,2835566,8.51,300,2553.0
2026-04-07 09:32:30.940,20260407,93230940,000009.SZ,2835569,2,2835431,2835568,8.51,1300,11063.0
2026-04-07 09:32:30.940,20260407,93230940,000009.SZ,2835570,2,2795704,2835568,8.5,600,5100.0
2026-04-07 09:32:30.940,20260407,93230940,000009.SZ,2835571,2,2807133,2835568,8.5,900,7650.0
2026-04-07 09:32:31.610,20260407,93231610,000009.SZ,2842894,-1,629168,0,0.0,800,0.0
2026-04-07 09:32:31.960,20260407,93231960,000009.SZ,2846417,-1,0,2835587,0.0,200,0.0
2026-04-07 09:32:32.130,20260407,93232130,000009.SZ,2847975,1,2847974,2835568,8.5,300,2550.0
2026-04-07 09:32:32.130,20260407,93232130,000009.SZ,2847976,1,2847974,2835572,8.51,400,3404.0
2026-04-07 09:32:32.530,20260407,93232530,000009.SZ,2851189,1,2851188,2835572,8.51,600,5106.0
2026-04-07 09:32:33.460,20260407,93233460,000009.SZ,2859586,2,2774739,2859585,8.49,100,849.0
2026-04-07 09:32:33.480,20260407,93233480,000009.SZ,2859675,1,2859674,2835572,8.51,600,5106.0
2026-04-07 09:32:33.710,20260407,93233710,000009.SZ,2862781,2,2862711,2862780,8.5,200,1700.0
2026-04-07 09:32:33.710,20260407,93233710,000009.SZ,2862783,2,2862711,2862782,8.5,200,1700.0
2026-04-07 09:32:33.710,20260407,93233710,000009.SZ,2862785,2,2862711,2862784,8.5,1100,9350.0
2026-04-07 09:32:33.720,20260407,93233720,000009.SZ,2862863,-1,0,2835575,0.0,300,0.0
2026-04-07 09:32:33.720,20260407,93233720,000009.SZ,2862865,-1,0,2835573,0.0,300,0.0
2026-04-07 09:32:33.720,20260407,93233720,000009.SZ,2862866,-1,0,2835574,0.0,100,0.0
2026-04-07 09:32:33.720,20260407,93233720,000009.SZ,2862868,-1,0,2835578,0.0,100,0.0
2026-04-07 09:32:33.720,20260407,93233720,000009.SZ,2862872,-1,0,2835577,0.0,100,0.0
2026-04-07 09:32:33.720,20260407,93233720,000009.SZ,2862880,1,2862879,2862784,8.5,100,850.0
2026-04-07 09:32:33.730,20260407,93233730,000009.SZ,2862910,-1,0,2835576,0.0,300,0.0
2026-04-07 09:32:33.730,20260407,93233730,000009.SZ,2862911,-1,0,2835579,0.0,500,0.0
2026-04-07 09:32:33.730,20260407,93233730,000009.SZ,2862912,-1,0,2835592,0.0,700,0.0
2026-04-07 09:32:33.730,20260407,93233730,000009.SZ,2862955,1,2862954,2862784,8.5,300,2550.0
2026-04-07 09:32:33.730,20260407,93233730,000009.SZ,2862962,1,2862961,2862786,8.5,100,850.0
2026-04-07 09:32:33.740,20260407,93233740,000009.SZ,2862994,1,2862993,2862786,8.5,200,1700.0
2026-04-07 09:32:33.740,20260407,93233740,000009.SZ,2863008,-1,0,2835780,0.0,300,0.0
2026-04-07 09:32:34.380,20260407,93234380,000009.SZ,2869591,1,2869590,2862786,8.5,300,2550.0
2026-04-07 09:32:34.410,20260407,93234410,000009.SZ,2869849,1,2869848,2862786,8.5,300,2550.0
2026-04-07 09:32:34.730,20260407,93234730,000009.SZ,2873566,-1,0,2862870,0.0,200,0.0
2026-04-07 09:32:34.850,20260407,93234850,000009.SZ,2874679,-1,154399,0,0.0,5000,0.0
2026-04-07 09:32:34.860,20260407,93234860,000009.SZ,2874743,-1,2774739,0,0.0,1300,0.0
2026-04-07 09:32:35.190,20260407,93235190,000009.SZ,2877541,1,2877540,2862786,8.5,500,4250.0
2026-04-07 09:32:35.530,20260407,93235530,000009.SZ,2881088,1,2881087,2862786,8.5,100,850.0
2026-04-07 09:32:35.530,20260407,93235530,000009.SZ,2881089,1,2881087,2862788,8.5,200,1700.0
2026-04-07 09:32:35.530,20260407,93235530,000009.SZ,2881090,1,2881087,2862789,8.5,100,850.0
2026-04-07 09:32:35.530,20260407,93235530,000009.SZ,2881091,1,2881087,2835586,8.51,1600,13616.0
2026-04-07 09:32:35.530,20260407,93235530,000009.SZ,2881092,1,2881087,2835597,8.51,1400,11914.0
2026-04-07 09:32:35.530,20260407,93235530,000009.SZ,2881093,1,2881087,2835645,8.51,1600,13616.0
2026-04-07 09:32:35.530,20260407,93235530,000009.SZ,2881094,1,2881087,2835646,8.51,1600,13616.0
2026-04-07 09:32:35.530,20260407,93235530,000009.SZ,2881095,1,2881087,2835647,8.51,700,5957.0
2026-04-07 09:32:35.530,20260407,93235530,000009.SZ,2881096,1,2881087,2835708,8.51,1300,11063.0
2026-04-07 09:32:35.530,20260407,93235530,000009.SZ,2881097,1,2881087,2849469,8.51,1400,11914.0
2026-04-07 09:32:35.550,20260407,93235550,000009.SZ,2881276,-1,2499345,0,0.0,2000,0.0
2026-04-07 09:32:35.930,20260407,93235930,000009.SZ,2883923,1,2883922,2882177,8.5,100,850.0
2026-04-07 09:32:36.040,20260407,93236040,000009.SZ,2884799,1,2884798,2882177,8.5,100,850.0
2026-04-07 09:32:36.270,20260407,93236270,000009.SZ,2886646,-1,2287246,0,0.0,300,0.0
2026-04-07 09:32:36.900,20260407,93236900,000009.SZ,2892435,1,2892434,2882177,8.5,500,4250.0
2026-04-07 09:32:37.110,20260407,93237110,000009.SZ,2894379,1,2894378,2882177,8.5,300,2550.0
2026-04-07 09:32:37.110,20260407,93237110,000009.SZ,2894380,1,2894378,2894148,8.5,1100,9350.0
2026-04-07 09:32:37.110,20260407,93237110,000009.SZ,2894381,1,2894378,2849469,8.51,600,5106.0
2026-04-07 09:32:37.830,20260407,93237830,000009.SZ,2901697,-1,0,1066733,0.0,5200,0.0
2026-04-07 09:32:38.330,20260407,93238330,000009.SZ,2906053,-1,207166,0,0.0,100,0.0
2026-04-07 09:32:38.690,20260407,93238690,000009.SZ,2908845,-1,0,179936,0.0,1000,0.0
2026-04-07 09:32:39.100,20260407,93239100,000009.SZ,2911743,2,2774760,2911742,8.49,1800,15282.0
2026-04-07 09:32:39.100,20260407,93239100,000009.SZ,2911744,2,2788031,2911742,8.49,1000,8490.0
2026-04-07 09:32:39.100,20260407,93239100,000009.SZ,2911745,2,2818409,2911742,8.49,600,5094.0
2026-04-07 09:32:39.100,20260407,93239100,000009.SZ,2911746,2,2836520,2911742,8.49,500,4245.0
2026-04-07 09:32:39.100,20260407,93239100,000009.SZ,2911747,2,2883888,2911742,8.49,17500,148575.0
2026-04-07 09:32:39.110,20260407,93239110,000009.SZ,2911811,2,2883888,2911810,8.49,2500,21225.0
2026-04-07 09:32:39.110,20260407,93239110,000009.SZ,2911812,2,2886670,2911810,8.49,700,5943.0
2026-04-07 09:32:39.110,20260407,93239110,000009.SZ,2911813,2,2898779,2911810,8.49,5000,42450.0
2026-04-07 09:32:39.110,20260407,93239110,000009.SZ,2911814,2,2901275,2911810,8.49,7000,59430.0
2026-04-07 09:32:39.340,20260407,93239340,000009.SZ,2914215,-1,0,2857776,0.0,100,0.0
2026-04-07 09:32:39.340,20260407,93239340,000009.SZ,2914228,-1,0,2860551,0.0,2500,0.0
2026-04-07 09:32:39.420,20260407,93239420,000009.SZ,2915007,2,2152388,2915006,8.48,100,848.0
2026-04-07 09:32:39.570,20260407,93239570,000009.SZ,2916242,1,2916241,2911815,8.49,600,5094.0
2026-04-07 09:32:39.800,20260407,93239800,000009.SZ,2918834,-1,2187064,0,0.0,15000,0.0
2026-04-07 09:32:39.840,20260407,93239840,000009.SZ,2919245,2,2152388,2919244,8.48,2500,21200.0
2026-04-07 09:32:40.130,20260407,93240130,000009.SZ,2921789,-1,0,2911921,0.0,200,0.0
2026-04-07 09:32:41.470,20260407,93241470,000009.SZ,2933964,1,2933963,2911815,8.49,100,849.0
2026-04-07 09:32:42.090,20260407,93242090,000009.SZ,2938855,-1,0,2852955,0.0,200,0.0
2026-04-07 09:32:42.830,20260407,93242830,000009.SZ,2945976,1,2945975,2911815,8.49,6000,50940.0
2026-04-07 09:32:42.830,20260407,93242830,000009.SZ,2945977,1,2945975,2922375,8.49,300,2547.0
2026-04-07 09:32:42.830,20260407,93242830,000009.SZ,2945978,1,2945975,2925721,8.49,100,849.0
2026-04-07 09:32:42.830,20260407,93242830,000009.SZ,2945979,1,2945975,2932065,8.49,100,849.0
2026-04-07 09:32:42.830,20260407,93242830,000009.SZ,2945980,1,2945975,2938912,8.49,200,1698.0
2026-04-07 09:32:42.830,20260407,93242830,000009.SZ,2945981,1,2945975,2939221,8.49,100,849.0
2026-04-07 09:32:42.830,20260407,93242830,000009.SZ,2945982,1,2945975,2939340,8.49,1600,13584.0
2026-04-07 09:32:42.840,20260407,93242840,000009.SZ,2946062,2,2945975,2946061,8.49,200,1698.0
2026-04-07 09:32:42.840,20260407,93242840,000009.SZ,2946067,2,2945975,2946066,8.49,1200,10188.0
2026-04-07 09:32:43.540,20260407,93243540,000009.SZ,2953012,2,2152388,2953011,8.48,600,5088.0
2026-04-07 09:32:43.630,20260407,93243630,000009.SZ,2953736,1,2953735,2946066,8.49,200,1698.0
2026-04-07 09:32:44.420,20260407,93244420,000009.SZ,2959871,2,2152388,2959870,8.48,700,5936.0
2026-04-07 09:32:44.750,20260407,93244750,000009.SZ,2962054,2,2152388,2962053,8.48,2600,22048.0
2026-04-07 09:32:45.120,20260407,93245120,000009.SZ,2964806,2,2152388,2964805,8.48,200,1696.0
2026-04-07 09:32:45.130,20260407,93245130,000009.SZ,2964898,2,2152388,2964897,8.48,1400,11872.0
2026-04-07 09:32:45.140,20260407,93245140,000009.SZ,2964967,2,2152388,2964966,8.48,1200,10176.0
2026-04-07 09:32:45.290,20260407,93245290,000009.SZ,2966324,2,2152388,2966323,8.48,100,848.0
2026-04-07 09:32:45.410,20260407,93245410,000009.SZ,2967360,2,2152388,2967359,8.48,600,5088.0
2026-04-07 09:32:45.740,20260407,93245740,000009.SZ,2970704,1,2970703,2946114,8.49,200,1698.0
2026-04-07 09:32:45.840,20260407,93245840,000009.SZ,2971531,2,2152388,2971530,8.48,100,848.0
2026-04-07 09:32:45.910,20260407,93245910,000009.SZ,2972159,2,2152388,2972158,8.48,1000,8480.0
2026-04-07 09:32:46.250,20260407,93246250,000009.SZ,2975470,1,2975469,2946140,8.49,300,2547.0
2026-04-07 09:32:46.250,20260407,93246250,000009.SZ,2975471,1,2975469,2946141,8.49,200,1698.0
2026-04-07 09:32:46.250,20260407,93246250,000009.SZ,2975472,1,2975469,2946163,8.49,1600,13584.0
2026-04-07 09:32:46.250,20260407,93246250,000009.SZ,2975473,1,2975469,2946197,8.49,100,849.0
2026-04-07 09:32:46.250,20260407,93246250,000009.SZ,2975474,1,2975469,2958661,8.49,6000,50940.0
2026-04-07 09:32:46.260,20260407,93246260,000009.SZ,2975567,2,2975469,2975566,8.49,800,6792.0
2026-04-07 09:32:46.260,20260407,93246260,000009.SZ,2975569,2,2975469,2975568,8.49,300,2547.0
2026-04-07 09:32:46.260,20260407,93246260,000009.SZ,2975571,2,2975469,2975570,8.49,100,849.0
2026-04-07 09:32:46.260,20260407,93246260,000009.SZ,2975573,2,2975469,2975572,8.49,300,2547.0
2026-04-07 09:32:46.260,20260407,93246260,000009.SZ,2975575,2,2975469,2975574,8.49,300,2547.0
2026-04-07 09:32:46.480,20260407,93246480,000009.SZ,2977550,2,2152388,2977549,8.48,1100,9328.0
2026-04-07 09:32:46.480,20260407,93246480,000009.SZ,2977552,2,2193763,2977551,8.48,300,2544.0
2026-04-07 09:32:46.480,20260407,93246480,000009.SZ,2977553,2,2256940,2977551,8.48,400,3392.0
2026-04-07 09:32:46.480,20260407,93246480,000009.SZ,2977554,2,2394922,2977551,8.48,500,4240.0
2026-04-07 09:32:46.630,20260407,93246630,000009.SZ,2979399,2,2394922,2979398,8.48,100,848.0
2026-04-07 09:32:46.660,20260407,93246660,000009.SZ,2979677,2,2397410,2979676,8.48,400,3392.0
2026-04-07 09:32:46.760,20260407,93246760,000009.SZ,2980650,1,2980649,2975576,8.49,300,2547.0
2026-04-07 09:32:46.760,20260407,93246760,000009.SZ,2980651,1,2980649,2975581,8.49,300,2547.0
2026-04-07 09:32:46.760,20260407,93246760,000009.SZ,2980652,1,2980649,2975584,8.49,400,3396.0
2026-04-07 09:32:47.270,20260407,93247270,000009.SZ,2984971,-1,0,2975585,0.0,200,0.0
2026-04-07 09:32:47.890,20260407,93247890,000009.SZ,2989565,1,2989564,2975584,8.49,300,2547.0
2026-04-07 09:32:47.890,20260407,93247890,000009.SZ,2989591,-1,0,2975684,0.0,100,0.0
2026-04-07 09:32:47.900,20260407,93247900,000009.SZ,2989624,-1,624495,0,0.0,200,0.0
2026-04-07 09:32:49.140,20260407,93249140,000009.SZ,3001282,2,2397410,3001281,8.48,100,848.0
2026-04-07 09:32:49.320,20260407,93249320,000009.SZ,3002796,-1,0,865539,0.0,3000,0.0
2026-04-07 09:32:49.320,20260407,93249320,000009.SZ,3002867,-1,0,2989612,0.0,100,0.0
2026-04-07 09:32:51.110,20260407,93251110,000009.SZ,3017873,2,2465715,3017872,8.48,100,848.0
2026-04-07 09:32:51.120,20260407,93251120,000009.SZ,3017922,2,2465715,3017921,8.48,700,5936.0
2026-04-07 09:32:51.120,20260407,93251120,000009.SZ,3017926,2,2465715,3017925,8.48,2800,23744.0
2026-04-07 09:32:51.120,20260407,93251120,000009.SZ,3017928,2,2465715,3017927,8.48,1900,16112.0
2026-04-07 09:32:51.120,20260407,93251120,000009.SZ,3017931,2,2465715,3017930,8.48,1300,11024.0
2026-04-07 09:32:51.120,20260407,93251120,000009.SZ,3017932,2,2512663,3017930,8.48,300,2544.0
2026-04-07 09:32:51.120,20260407,93251120,000009.SZ,3017934,2,2512663,3017933,8.48,200,1696.0
2026-04-07 09:32:51.120,20260407,93251120,000009.SZ,3017935,2,2575039,3017933,8.48,200,1696.0
2026-04-07 09:32:51.120,20260407,93251120,000009.SZ,3017936,2,2688324,3017933,8.48,800,6784.0
2026-04-07 09:32:51.120,20260407,93251120,000009.SZ,3017938,2,2688324,3017937,8.48,400,3392.0
2026-04-07 09:32:51.120,20260407,93251120,000009.SZ,3017939,2,2717480,3017937,8.48,200,1696.0
2026-04-07 09:32:51.120,20260407,93251120,000009.SZ,3017942,2,2717480,3017941,8.48,1300,11024.0
2026-04-07 09:32:51.120,20260407,93251120,000009.SZ,3017944,2,2717480,3017943,8.48,300,2544.0
2026-04-07 09:32:51.120,20260407,93251120,000009.SZ,3017946,2,2717480,3017945,8.48,1000,8480.0
2026-04-07 09:32:51.120,20260407,93251120,000009.SZ,3017948,2,2717480,3017947,8.48,900,7632.0
2026-04-07 09:32:51.120,20260407,93251120,000009.SZ,3017950,2,2717480,3017949,8.48,1000,8480.0
2026-04-07 09:32:51.120,20260407,93251120,000009.SZ,3017953,2,2717480,3017952,8.48,1200,10176.0
2026-04-07 09:32:51.120,20260407,93251120,000009.SZ,3017956,2,2717480,3017955,8.48,1100,9328.0
2026-04-07 09:32:51.120,20260407,93251120,000009.SZ,3017958,2,2717480,3017957,8.48,1200,10176.0
2026-04-07 09:32:51.130,20260407,93251130,000009.SZ,3018017,2,2717480,3018016,8.48,2000,16960.0
2026-04-07 09:32:51.130,20260407,93251130,000009.SZ,3018021,2,2717480,3018020,8.48,2000,16960.0
2026-04-07 09:32:51.130,20260407,93251130,000009.SZ,3018022,2,2821605,3018020,8.48,500,4240.0
2026-04-07 09:32:51.130,20260407,93251130,000009.SZ,3018023,2,2848557,3018020,8.48,100,848.0
2026-04-07 09:32:51.130,20260407,93251130,000009.SZ,3018024,2,2911643,3018020,8.48,500,4240.0
2026-04-07 09:32:51.130,20260407,93251130,000009.SZ,3018025,2,2960809,3018020,8.48,800,6784.0
2026-04-07 09:32:51.130,20260407,93251130,000009.SZ,3018035,2,2960809,3018034,8.48,1500,12720.0
2026-04-07 09:32:51.130,20260407,93251130,000009.SZ,3018037,2,2960809,3018036,8.48,200,1696.0
2026-04-07 09:32:51.130,20260407,93251130,000009.SZ,3018048,2,2960809,3018047,8.48,1200,10176.0
2026-04-07 09:32:51.130,20260407,93251130,000009.SZ,3018049,2,2970448,3018047,8.48,500,4240.0
2026-04-07 09:32:51.170,20260407,93251170,000009.SZ,3018670,-1,0,2975739,0.0,300,0.0
2026-04-07 09:32:51.260,20260407,93251260,000009.SZ,3019564,-1,0,2975593,0.0,1800,0.0
2026-04-07 09:32:52.160,20260407,93252160,000009.SZ,3027879,-1,0,3018152,0.0,7300,0.0
2026-04-07 09:32:52.170,20260407,93252170,000009.SZ,3027948,-1,0,3018047,0.0,14300,0.0
2026-04-07 09:32:52.260,20260407,93252260,000009.SZ,3028618,-1,0,2975590,0.0,300,0.0
2026-04-07 09:32:53.560,20260407,93253560,000009.SZ,3039961,-1,1956113,0,0.0,200,0.0
2026-04-07 09:32:55.040,20260407,93255040,000009.SZ,3051079,-1,0,3018828,0.0,3400,0.0
2026-04-07 09:32:55.040,20260407,93255040,000009.SZ,3051115,-1,0,2975587,0.0,100,0.0
2026-04-07 09:32:55.040,20260407,93255040,000009.SZ,3051116,-1,0,2975589,0.0,400,0.0
2026-04-07 09:32:55.040,20260407,93255040,000009.SZ,3051117,-1,0,2975588,0.0,400,0.0
2026-04-07 09:32:55.040,20260407,93255040,000009.SZ,3051118,-1,0,2975586,0.0,100,0.0
2026-04-07 09:32:56.060,20260407,93256060,000009.SZ,3060335,-1,2567014,0,0.0,1000,0.0
2026-04-07 09:32:56.140,20260407,93256140,000009.SZ,3060807,-1,0,3018159,0.0,3400,0.0
2026-04-07 09:32:56.840,20260407,93256840,000009.SZ,3065867,1,3065866,3018069,8.48,200,1696.0
2026-04-07 09:32:57.590,20260407,93257590,000009.SZ,3071753,-1,0,2986096,0.0,5200,0.0
2026-04-07 09:32:58.140,20260407,93258140,000009.SZ,3077180,2,1156709,3077179,8.47,100,847.0
2026-04-07 09:32:59.270,20260407,93259270,000009.SZ,3086421,2,1156709,3086420,8.47,100,847.0
2026-04-07 09:33:00.110,20260407,93300110,000009.SZ,3092399,2,1156709,3092398,8.47,100,847.0
2026-04-07 09:33:00.470,20260407,93300470,000009.SZ,3095689,1,3095688,3018069,8.48,900,7632.0
2026-04-07 09:33:00.470,20260407,93300470,000009.SZ,3095690,1,3095688,3018104,8.48,3100,26288.0
2026-04-07 09:33:00.470,20260407,93300470,000009.SZ,3095691,1,3095688,3018107,8.48,300,2544.0
2026-04-07 09:33:00.470,20260407,93300470,000009.SZ,3095692,1,3095688,3018110,8.48,700,5936.0
2026-04-07 09:33:02.240,20260407,93302240,000009.SZ,3116492,2,1156709,3116491,8.47,1000,8470.0
2026-04-07 09:33:03.320,20260407,93303320,000009.SZ,3129050,1,3129049,3018110,8.48,300,2544.0
2026-04-07 09:33:03.770,20260407,93303770,000009.SZ,3136834,1,3136833,3018110,8.48,1200,10176.0
2026-04-07 09:33:03.810,20260407,93303810,000009.SZ,3137617,1,3137616,3018110,8.48,300,2544.0
2026-04-07 09:33:04.020,20260407,93304020,000009.SZ,3140798,-1,0,2311849,0.0,6600,0.0
2026-04-07 09:33:04.850,20260407,93304850,000009.SZ,3154778,1,3154777,3018110,8.48,600,5088.0
2026-04-07 09:33:04.850,20260407,93304850,000009.SZ,3154779,1,3154777,3018150,8.48,700,5936.0
2026-04-07 09:33:04.850,20260407,93304850,000009.SZ,3154780,1,3154777,3018151,8.48,200,1696.0
2026-04-07 09:33:04.870,20260407,93304870,000009.SZ,3155157,1,3155156,3018151,8.48,200,1696.0
2026-04-07 09:33:04.870,20260407,93304870,000009.SZ,3155158,1,3155156,3018155,8.48,700,5936.0
2026-04-07 09:33:04.870,20260407,93304870,000009.SZ,3155159,1,3155156,3018186,8.48,1200,10176.0
2026-04-07 09:33:04.870,20260407,93304870,000009.SZ,3155160,1,3155156,3018187,8.48,700,5936.0
2026-04-07 09:33:04.870,20260407,93304870,000009.SZ,3155161,1,3155156,3068015,8.48,8200,69536.0
2026-04-07 09:33:04.870,20260407,93304870,000009.SZ,3155164,1,3155163,3068015,8.48,800,6784.0
2026-04-07 09:33:04.870,20260407,93304870,000009.SZ,3155165,1,3155163,3142450,8.48,500,4240.0
2026-04-07 09:33:04.880,20260407,93304880,000009.SZ,3155298,1,3155297,3142450,8.48,200,1696.0
2026-04-07 09:33:05.240,20260407,93305240,000009.SZ,3159487,2,1156709,3159486,8.47,9100,77077.0
2026-04-07 09:33:05.240,20260407,93305240,000009.SZ,3159488,2,1265107,3159486,8.47,2800,23716.0
2026-04-07 09:33:05.250,20260407,93305250,000009.SZ,3159579,1,3159578,3142450,8.48,200,1696.0
2026-04-07 09:33:05.360,20260407,93305360,000009.SZ,3160943,1,3160942,3142450,8.48,600,5088.0
2026-04-07 09:33:06.020,20260407,93306020,000009.SZ,3168275,1,3168274,3142450,8.48,100,848.0
2026-04-07 09:33:06.130,20260407,93306130,000009.SZ,3169504,1,3169503,3142450,8.48,500,4240.0
2026-04-07 09:33:06.140,20260407,93306140,000009.SZ,3169621,1,3169620,3142450,8.48,7600,64448.0
2026-04-07 09:33:06.360,20260407,93306360,000009.SZ,3172609,1,3172608,2992689,8.49,300,2547.0
