timestamp,date,stamp,code,order_no,bs_flag,order_type,order_price,order_volume
2026-04-03 09:15:00.000,20260403,91500000,000009.SZ,213,2,0,9.05,200
2026-04-03 09:15:00.030,20260403,91500030,000009.SZ,523,2,0,9.53,100
2026-04-03 09:15:00.040,20260403,91500040,000009.SZ,1979,2,0,8.83,200
2026-04-03 09:15:00.040,20260403,91500040,000009.SZ,2224,2,0,8.75,2000
2026-04-03 09:15:00.040,20260403,91500040,000009.SZ,2251,2,0,8.84,2000
2026-04-03 09:15:00.040,20260403,91500040,000009.SZ,2877,1,0,8.67,400
2026-04-03 09:15:00.040,20260403,91500040,000009.SZ,3048,1,0,8.5,300
2026-04-03 09:15:00.040,20260403,91500040,000009.SZ,3257,1,0,8.25,10000
2026-04-03 09:15:00.050,20260403,91500050,000009.SZ,4896,2,0,9.53,1200
2026-04-03 09:15:00.050,20260403,91500050,000009.SZ,5748,1,0,8.5,100
2026-04-03 09:15:00.050,20260403,91500050,000009.SZ,6424,2,0,9.33,2000
2026-04-03 09:15:00.050,20260403,91500050,000009.SZ,6435,2,0,9.1,5000
2026-04-03 09:15:00.050,20260403,91500050,000009.SZ,7739,1,0,8.15,100
2026-04-03 09:15:00.050,20260403,91500050,000009.SZ,7807,2,0,9.4,100
2026-04-03 09:15:00.060,20260403,91500060,000009.SZ,8413,1,0,8.6,1000
2026-04-03 09:15:00.060,20260403,91500060,000009.SZ,9115,2,0,8.75,500
2026-04-03 09:15:00.060,20260403,91500060,000009.SZ,9116,1,0,8.46,500
2026-04-03 09:15:00.060,20260403,91500060,000009.SZ,9117,1,0,8.41,500
2026-04-03 09:15:00.060,20260403,91500060,000009.SZ,9589,2,0,8.82,700
2026-04-03 09:15:00.060,20260403,91500060,000009.SZ,9886,2,0,9.53,100
2026-04-03 09:15:00.060,20260403,91500060,000009.SZ,10728,1,0,8.5,200
2026-04-03 09:15:00.060,20260403,91500060,000009.SZ,10733,2,0,9.52,100
2026-04-03 09:15:00.060,20260403,91500060,000009.SZ,10789,2,0,8.75,800
2026-04-03 09:15:00.060,20260403,91500060,000009.SZ,10928,2,0,9.53,12000
2026-04-03 09:15:00.060,20260403,91500060,000009.SZ,11102,1,0,8.51,500
2026-04-03 09:15:00.060,20260403,91500060,000009.SZ,11103,1,0,8.43,500
2026-04-03 09:15:00.060,20260403,91500060,000009.SZ,11516,1,0,8.38,600
2026-04-03 09:15:00.060,20260403,91500060,000009.SZ,12329,2,0,9.53,100
2026-04-03 09:15:00.060,20260403,91500060,000009.SZ,12771,2,0,9.53,300
2026-04-03 09:15:00.060,20260403,91500060,000009.SZ,12828,1,0,8.53,2000
2026-04-03 09:15:00.070,20260403,91500070,000009.SZ,13062,2,0,9.1,300
2026-04-03 09:15:00.070,20260403,91500070,000009.SZ,13063,2,0,9.51,300
2026-04-03 09:15:00.070,20260403,91500070,000009.SZ,13149,1,0,8.3,1000
2026-04-03 09:15:00.070,20260403,91500070,000009.SZ,13150,1,0,8.0,1000
2026-04-03 09:15:00.070,20260403,91500070,000009.SZ,13797,2,0,9.0,100
2026-04-03 09:15:00.070,20260403,91500070,000009.SZ,13799,2,0,9.5,1000
2026-04-03 09:15:00.070,20260403,91500070,000009.SZ,15213,2,0,9.46,200
2026-04-03 09:15:00.070,20260403,91500070,000009.SZ,16816,1,0,8.18,200
2026-04-03 09:15:00.080,20260403,91500080,000009.SZ,17086,2,0,8.99,1000
2026-04-03 09:15:00.080,20260403,91500080,000009.SZ,17131,1,0,8.4,1000
2026-04-03 09:15:00.080,20260403,91500080,000009.SZ,17216,2,0,9.21,4600
2026-04-03 09:15:00.080,20260403,91500080,000009.SZ,18079,2,0,9.42,2000
2026-04-03 09:15:00.080,20260403,91500080,000009.SZ,18108,2,0,9.5,2100
2026-04-03 09:15:00.080,20260403,91500080,000009.SZ,18194,2,0,8.88,4000
2026-04-03 09:15:00.080,20260403,91500080,000009.SZ,18329,2,0,8.95,10000
2026-04-03 09:15:00.080,20260403,91500080,000009.SZ,18334,1,0,8.41,2200
2026-04-03 09:15:00.080,20260403,91500080,000009.SZ,20701,2,0,9.1,1000
2026-04-03 09:15:00.090,20260403,91500090,000009.SZ,21244,2,0,9.53,500
2026-04-03 09:15:00.090,20260403,91500090,000009.SZ,21611,2,0,9.53,100
2026-04-03 09:15:00.090,20260403,91500090,000009.SZ,21631,2,0,9.45,100
2026-04-03 09:15:00.090,20260403,91500090,000009.SZ,21632,2,0,9.39,100
2026-04-03 09:15:00.090,20260403,91500090,000009.SZ,21645,2,0,9.29,100
2026-04-03 09:15:00.090,20260403,91500090,000009.SZ,22223,2,0,9.01,1000
2026-04-03 09:15:00.090,20260403,91500090,000009.SZ,23252,1,0,8.5,200
2026-04-03 09:15:00.090,20260403,91500090,000009.SZ,23428,2,0,9.53,200
2026-04-03 09:15:00.090,20260403,91500090,000009.SZ,23665,1,0,8.18,300
2026-04-03 09:15:00.090,20260403,91500090,000009.SZ,23820,2,0,9.5,100
2026-04-03 09:15:00.100,20260403,91500100,000009.SZ,24184,2,0,9.17,1000
2026-04-03 09:15:00.100,20260403,91500100,000009.SZ,24218,2,0,8.75,3000
2026-04-03 09:15:00.100,20260403,91500100,000009.SZ,24373,2,0,8.75,2000
2026-04-03 09:15:00.100,20260403,91500100,000009.SZ,25283,1,0,8.3,100
2026-04-03 09:15:00.100,20260403,91500100,000009.SZ,25284,1,0,7.9,100
2026-04-03 09:15:00.100,20260403,91500100,000009.SZ,26030,2,0,8.88,1100
2026-04-03 09:15:00.100,20260403,91500100,000009.SZ,26321,2,0,9.53,300
2026-04-03 09:15:00.100,20260403,91500100,000009.SZ,27094,2,0,9.46,600
2026-04-03 09:15:00.110,20260403,91500110,000009.SZ,27439,2,0,8.96,500
2026-04-03 09:15:00.110,20260403,91500110,000009.SZ,27483,2,0,9.16,500
2026-04-03 09:15:00.110,20260403,91500110,000009.SZ,28546,2,0,9.2,6000
2026-04-03 09:15:00.110,20260403,91500110,000009.SZ,28550,2,0,9.36,6000
2026-04-03 09:15:00.110,20260403,91500110,000009.SZ,29227,2,0,8.66,500
2026-04-03 09:15:00.110,20260403,91500110,000009.SZ,29306,1,0,8.41,5000
2026-04-03 09:15:00.110,20260403,91500110,000009.SZ,29307,2,0,8.98,5000
2026-04-03 09:15:00.110,20260403,91500110,000009.SZ,30176,2,0,9.52,20500
2026-04-03 09:15:00.120,20260403,91500120,000009.SZ,31756,2,0,9.05,500
2026-04-03 09:15:00.120,20260403,91500120,000009.SZ,31829,1,0,8.38,200
2026-04-03 09:15:00.120,20260403,91500120,000009.SZ,32292,2,0,9.53,50000
2026-04-03 09:15:00.120,20260403,91500120,000009.SZ,32386,1,0,8.27,500
2026-04-03 09:15:00.120,20260403,91500120,000009.SZ,32446,1,0,8.41,10000
2026-04-03 09:15:00.120,20260403,91500120,000009.SZ,32447,1,0,8.21,4000
2026-04-03 09:15:00.120,20260403,91500120,000009.SZ,32448,1,0,8.01,3900
2026-04-03 09:15:00.120,20260403,91500120,000009.SZ,32449,2,0,9.53,6000
2026-04-03 09:15:00.120,20260403,91500120,000009.SZ,32450,1,0,8.41,8000
2026-04-03 09:15:00.120,20260403,91500120,000009.SZ,32451,1,0,8.21,3000
2026-04-03 09:15:00.120,20260403,91500120,000009.SZ,32452,1,0,8.01,3300
2026-04-03 09:15:00.120,20260403,91500120,000009.SZ,32453,2,0,9.53,10000
2026-04-03 09:15:00.120,20260403,91500120,000009.SZ,32454,1,0,8.41,6000
2026-04-03 09:15:00.120,20260403,91500120,000009.SZ,33524,2,0,9.53,10000
2026-04-03 09:15:00.120,20260403,91500120,000009.SZ,33526,2,0,9.53,10000
2026-04-03 09:15:00.120,20260403,91500120,000009.SZ,33527,1,0,8.41,10000
2026-04-03 09:15:00.120,20260403,91500120,000009.SZ,33528,1,0,8.21,3000
2026-04-03 09:15:00.120,20260403,91500120,000009.SZ,33529,1,0,8.01,3000
2026-04-03 09:15:00.120,20260403,91500120,000009.SZ,33537,1,0,8.41,10000
2026-04-03 09:15:00.120,20260403,91500120,000009.SZ,33539,1,0,8.21,2000
2026-04-03 09:15:00.120,20260403,91500120,000009.SZ,33541,1,0,8.01,2700
2026-04-03 09:15:00.120,20260403,91500120,000009.SZ,33922,2,0,9.52,100
2026-04-03 09:15:00.120,20260403,91500120,000009.SZ,34745,2,0,9.35,800
2026-04-03 09:15:00.130,20260403,91500130,000009.SZ,35171,2,0,8.84,1100
2026-04-03 09:15:00.130,20260403,91500130,000009.SZ,35572,2,0,8.78,2200
2026-04-03 09:15:00.130,20260403,91500130,000009.SZ,35678,1,0,8.5,1000
2026-04-03 09:15:00.130,20260403,91500130,000009.SZ,35925,2,0,8.84,200
2026-04-03 09:15:00.130,20260403,91500130,000009.SZ,35926,2,0,9.01,200
2026-04-03 09:15:00.130,20260403,91500130,000009.SZ,35929,2,0,9.18,200
2026-04-03 09:15:00.130,20260403,91500130,000009.SZ,35930,2,0,9.36,200
2026-04-03 09:15:00.130,20260403,91500130,000009.SZ,35933,2,0,9.53,200
2026-04-03 09:15:00.130,20260403,91500130,000009.SZ,35963,2,0,8.66,300
2026-04-03 09:15:00.130,20260403,91500130,000009.SZ,35971,2,0,9.02,3000
2026-04-03 09:15:00.130,20260403,91500130,000009.SZ,36810,2,0,9.53,5000
2026-04-03 09:15:00.130,20260403,91500130,000009.SZ,37008,1,0,8.5,1100
2026-04-03 09:15:00.130,20260403,91500130,000009.SZ,37039,2,0,8.92,2000
2026-04-03 09:15:00.130,20260403,91500130,000009.SZ,37041,1,0,8.41,4000
2026-04-03 09:15:00.130,20260403,91500130,000009.SZ,37043,1,0,8.3,2000
2026-04-03 09:15:00.130,20260403,91500130,000009.SZ,37046,1,0,8.2,2000
2026-04-03 09:15:00.130,20260403,91500130,000009.SZ,37047,1,0,8.1,2000
2026-04-03 09:15:00.130,20260403,91500130,000009.SZ,37049,1,0,8.0,2000
2026-04-03 09:15:00.130,20260403,91500130,000009.SZ,37352,2,0,9.53,1100
2026-04-03 09:15:00.130,20260403,91500130,000009.SZ,37354,2,0,9.52,1100
2026-04-03 09:15:00.130,20260403,91500130,000009.SZ,37355,2,0,9.5,1100
2026-04-03 09:15:00.130,20260403,91500130,000009.SZ,38335,2,0,8.91,500
2026-04-03 09:15:00.140,20260403,91500140,000009.SZ,38919,1,0,7.79,3000
2026-04-03 09:15:00.140,20260403,91500140,000009.SZ,41917,1,0,8.67,1000
2026-04-03 09:15:00.150,20260403,91500150,000009.SZ,42832,1,0,8.41,10000
2026-04-03 09:15:00.150,20260403,91500150,000009.SZ,43577,2,0,9.53,3000
2026-04-03 09:15:00.150,20260403,91500150,000009.SZ,43845,1,0,8.58,100
2026-04-03 09:15:00.150,20260403,91500150,000009.SZ,43846,1,0,8.52,100
2026-04-03 09:15:00.150,20260403,91500150,000009.SZ,43847,1,0,8.49,100
2026-04-03 09:15:00.150,20260403,91500150,000009.SZ,43848,1,0,8.45,100
2026-04-03 09:15:00.150,20260403,91500150,000009.SZ,43907,1,0,7.88,2000
2026-04-03 09:15:00.150,20260403,91500150,000009.SZ,44447,2,0,9.53,100
2026-04-03 09:15:00.150,20260403,91500150,000009.SZ,44920,2,0,9.0,2000
2026-04-03 09:15:00.160,20260403,91500160,000009.SZ,45526,1,0,8.6,1000
2026-04-03 09:15:00.160,20260403,91500160,000009.SZ,45711,2,0,9.09,1500
2026-04-03 09:15:00.160,20260403,91500160,000009.SZ,45767,1,0,8.35,400
2026-04-03 09:15:00.160,20260403,91500160,000009.SZ,45798,1,0,8.32,200
2026-04-03 09:15:00.160,20260403,91500160,000009.SZ,46401,2,0,9.4,500
2026-04-03 09:15:00.160,20260403,91500160,000009.SZ,46581,1,0,8.4,1000
2026-04-03 09:15:00.160,20260403,91500160,000009.SZ,46826,1,0,7.99,1100
2026-04-03 09:15:00.160,20260403,91500160,000009.SZ,47714,2,0,9.53,500
2026-04-03 09:15:00.160,20260403,91500160,000009.SZ,48710,2,0,9.3,5000
2026-04-03 09:15:00.170,20260403,91500170,000009.SZ,49156,2,0,8.9,300
2026-04-03 09:15:00.170,20260403,91500170,000009.SZ,49157,2,0,9.4,300
2026-04-03 09:15:00.170,20260403,91500170,000009.SZ,49879,2,0,9.53,1000
2026-04-03 09:15:00.170,20260403,91500170,000009.SZ,50349,2,0,9.53,500
2026-04-03 09:15:00.170,20260403,91500170,000009.SZ,50493,2,0,9.53,2000
2026-04-03 09:15:00.170,20260403,91500170,000009.SZ,51527,2,0,9.5,600
2026-04-03 09:15:00.170,20260403,91500170,000009.SZ,51551,2,0,9.15,300
2026-04-03 09:15:00.180,20260403,91500180,000009.SZ,52374,1,0,8.62,100
2026-04-03 09:15:00.180,20260403,91500180,000009.SZ,52375,1,0,8.55,100
2026-04-03 09:15:00.180,20260403,91500180,000009.SZ,52377,1,0,8.42,100
2026-04-03 09:15:00.180,20260403,91500180,000009.SZ,52607,2,0,9.13,2000
2026-04-03 09:15:00.180,20260403,91500180,000009.SZ,52608,2,0,9.3,4000
2026-04-03 09:15:00.180,20260403,91500180,000009.SZ,53693,2,0,8.85,3000
2026-04-03 09:15:00.180,20260403,91500180,000009.SZ,54713,2,0,9.17,800
2026-04-03 09:15:00.190,20260403,91500190,000009.SZ,57030,2,0,8.98,2400
2026-04-03 09:15:00.200,20260403,91500200,000009.SZ,58302,2,0,9.04,20000
2026-04-03 09:15:00.200,20260403,91500200,000009.SZ,59763,1,0,8.15,100
2026-04-03 09:15:00.200,20260403,91500200,000009.SZ,60088,2,0,9.12,200
2026-04-03 09:15:00.210,20260403,91500210,000009.SZ,61177,2,0,9.25,300
2026-04-03 09:15:00.210,20260403,91500210,000009.SZ,61337,2,0,9.5,1000
2026-04-03 09:15:00.210,20260403,91500210,000009.SZ,62009,2,0,8.9,3000
2026-04-03 09:15:00.220,20260403,91500220,000009.SZ,62705,2,0,9.52,1000
2026-04-03 09:15:00.220,20260403,91500220,000009.SZ,63097,2,0,8.99,1000
2026-04-03 09:15:00.220,20260403,91500220,000009.SZ,63295,2,0,9.5,200
2026-04-03 09:15:00.220,20260403,91500220,000009.SZ,63568,2,0,9.3,800
2026-04-03 09:15:00.220,20260403,91500220,000009.SZ,63601,1,0,8.5,100
2026-04-03 09:15:00.220,20260403,91500220,000009.SZ,64434,2,0,8.97,1000
2026-04-03 09:15:00.220,20260403,91500220,000009.SZ,64436,2,0,9.29,1500
2026-04-03 09:15:00.220,20260403,91500220,000009.SZ,64454,2,0,8.88,3900
2026-04-03 09:15:00.230,20260403,91500230,000009.SZ,65846,1,0,8.52,100
2026-04-03 09:15:00.240,20260403,91500240,000009.SZ,66563,1,0,7.8,600
2026-04-03 09:15:00.240,20260403,91500240,000009.SZ,66801,2,0,9.0,1800
2026-04-03 09:15:00.240,20260403,91500240,000009.SZ,67112,1,0,7.8,200
2026-04-03 09:15:00.240,20260403,91500240,000009.SZ,67462,1,0,7.89,1000
2026-04-03 09:15:00.250,20260403,91500250,000009.SZ,68886,2,0,9.52,600
2026-04-03 09:15:00.250,20260403,91500250,000009.SZ,69065,1,0,8.59,10000
2026-04-03 09:15:00.250,20260403,91500250,000009.SZ,69122,2,0,9.53,3000
2026-04-03 09:15:00.250,20260403,91500250,000009.SZ,69996,2,0,8.98,600
2026-04-03 09:15:00.260,20260403,91500260,000009.SZ,70884,1,0,8.41,1000
2026-04-03 09:15:00.260,20260403,91500260,000009.SZ,71055,1,0,8.58,400
2026-04-03 09:15:00.270,20260403,91500270,000009.SZ,71948,2,0,9.08,1700
2026-04-03 09:15:00.270,20260403,91500270,000009.SZ,71949,2,0,9.53,2000
2026-04-03 09:15:00.270,20260403,91500270,000009.SZ,72934,2,0,9.52,4000
2026-04-03 09:15:00.280,20260403,91500280,000009.SZ,73496,1,0,8.3,500
2026-04-03 09:15:00.280,20260403,91500280,000009.SZ,73831,2,0,9.5,500
2026-04-03 09:15:00.280,20260403,91500280,000009.SZ,74369,2,0,9.06,600
2026-04-03 09:15:00.290,20260403,91500290,000009.SZ,74769,1,0,8.5,700
2026-04-03 09:15:00.290,20260403,91500290,000009.SZ,75246,2,0,9.2,100
2026-04-03 09:15:00.300,20260403,91500300,000009.SZ,77193,1,0,7.89,100
2026-04-03 09:15:00.310,20260403,91500310,000009.SZ,77811,1,0,8.0,100
2026-04-03 09:15:00.310,20260403,91500310,000009.SZ,77965,2,0,9.0,1100
2026-04-03 09:15:00.320,20260403,91500320,000009.SZ,78823,2,0,9.0,1800
2026-04-03 09:15:00.320,20260403,91500320,000009.SZ,78848,1,0,8.31,1000
2026-04-03 09:15:00.320,20260403,91500320,000009.SZ,79415,2,0,9.38,400
2026-04-03 09:15:00.320,20260403,91500320,000009.SZ,79454,2,0,9.5,600
2026-04-03 09:15:00.320,20260403,91500320,000009.SZ,79458,1,0,8.58,300
2026-04-03 09:15:00.320,20260403,91500320,000009.SZ,79475,1,0,8.53,400
2026-04-03 09:15:00.330,20260403,91500330,000009.SZ,80364,1,0,8.31,400
2026-04-03 09:15:00.340,20260403,91500340,000009.SZ,81543,2,0,9.34,100
2026-04-03 09:15:00.340,20260403,91500340,000009.SZ,81544,2,0,9.5,100
2026-04-03 09:15:00.340,20260403,91500340,000009.SZ,81546,1,0,8.6,100
2026-04-03 09:15:00.360,20260403,91500360,000009.SZ,82830,2,0,8.78,500
2026-04-03 09:15:00.360,20260403,91500360,000009.SZ,83410,2,0,9.53,200
2026-04-03 09:15:00.360,20260403,91500360,000009.SZ,83530,2,0,9.52,300
2026-04-03 09:15:00.370,20260403,91500370,000009.SZ,84445,2,0,9.53,2000
2026-04-03 09:15:00.370,20260403,91500370,000009.SZ,84446,2,0,8.96,1000
2026-04-03 09:15:00.370,20260403,91500370,000009.SZ,84620,2,0,9.0,200
2026-04-03 09:15:00.380,20260403,91500380,000009.SZ,85253,1,0,8.5,3600
2026-04-03 09:15:00.410,20260403,91500410,000009.SZ,87432,2,0,9.1,3000
2026-04-03 09:15:00.410,20260403,91500410,000009.SZ,87812,2,0,8.95,1600
2026-04-03 09:15:00.420,20260403,91500420,000009.SZ,88441,2,0,9.53,2900
2026-04-03 09:15:00.420,20260403,91500420,000009.SZ,88457,2,0,9.5,1800
2026-04-03 09:15:00.430,20260403,91500430,000009.SZ,89667,2,0,9.5,1000
2026-04-03 09:15:00.440,20260403,91500440,000009.SZ,90185,2,0,8.97,2000
2026-04-03 09:15:00.440,20260403,91500440,000009.SZ,90186,2,0,9.27,3000
2026-04-03 09:15:00.440,20260403,91500440,000009.SZ,90187,2,0,9.27,3000
2026-04-03 09:15:00.440,20260403,91500440,000009.SZ,90191,1,0,8.33,2000
2026-04-03 09:15:00.440,20260403,91500440,000009.SZ,90217,2,0,8.85,2800
2026-04-03 09:15:00.450,20260403,91500450,000009.SZ,91005,2,0,9.53,400
2026-04-03 09:15:00.450,20260403,91500450,000009.SZ,91083,2,0,9.52,600
2026-04-03 09:15:00.450,20260403,91500450,000009.SZ,91117,2,0,9.1,5600
2026-04-03 09:15:00.460,20260403,91500460,000009.SZ,92213,2,0,8.8,700
2026-04-03 09:15:00.470,20260403,91500470,000009.SZ,92836,2,0,8.85,7200
2026-04-03 09:15:00.470,20260403,91500470,000009.SZ,92960,2,0,9.06,500
2026-04-03 09:15:00.470,20260403,91500470,000009.SZ,92978,2,0,8.9,500
2026-04-03 09:15:00.480,20260403,91500480,000009.SZ,93313,1,0,8.08,700
2026-04-03 09:15:00.490,20260403,91500490,000009.SZ,94395,2,0,9.0,200
2026-04-03 09:15:00.490,20260403,91500490,000009.SZ,94620,2,0,9.53,2000
2026-04-03 09:15:00.490,20260403,91500490,000009.SZ,94773,2,0,9.49,100
2026-04-03 09:15:00.500,20260403,91500500,000009.SZ,95670,2,0,9.5,600
2026-04-03 09:15:00.510,20260403,91500510,000009.SZ,96415,2,0,8.95,500
2026-04-03 09:15:00.510,20260403,91500510,000009.SZ,96423,1,0,8.45,1400
2026-04-03 09:15:00.520,20260403,91500520,000009.SZ,97289,1,0,8.03,3000
2026-04-03 09:15:00.520,20260403,91500520,000009.SZ,97464,2,0,8.87,800
2026-04-03 09:15:00.530,20260403,91500530,000009.SZ,98844,2,0,8.88,2000
2026-04-03 09:15:00.530,20260403,91500530,000009.SZ,98987,1,0,8.56,1100
2026-04-03 09:15:00.530,20260403,91500530,000009.SZ,99108,2,0,8.88,100
2026-04-03 09:15:00.530,20260403,91500530,000009.SZ,99275,2,0,9.2,600
2026-04-03 09:15:00.530,20260403,91500530,000009.SZ,99334,2,0,9.46,1000
2026-04-03 09:15:00.540,20260403,91500540,000009.SZ,99776,2,0,8.77,1000
2026-04-03 09:15:00.550,20260403,91500550,000009.SZ,101458,1,0,8.6,200
2026-04-03 09:15:00.560,20260403,91500560,000009.SZ,101681,1,0,7.8,500
2026-04-03 09:15:00.570,20260403,91500570,000009.SZ,102711,2,0,9.02,1200
2026-04-03 09:15:00.580,20260403,91500580,000009.SZ,104853,2,0,8.66,100
2026-04-03 09:15:00.590,20260403,91500590,000009.SZ,104954,2,0,9.05,3000
2026-04-03 09:15:00.590,20260403,91500590,000009.SZ,105025,2,0,8.98,6300
2026-04-03 09:15:00.590,20260403,91500590,000009.SZ,105027,1,0,8.4,1000
2026-04-03 09:15:00.590,20260403,91500590,000009.SZ,105302,1,0,8.0,100
2026-04-03 09:15:00.600,20260403,91500600,000009.SZ,106083,2,0,9.5,500
2026-04-03 09:15:00.610,20260403,91500610,000009.SZ,107157,2,0,9.53,100
2026-04-03 09:15:00.610,20260403,91500610,000009.SZ,107185,2,0,9.27,100
2026-04-03 09:15:00.650,20260403,91500650,000009.SZ,109945,2,0,8.79,100
2026-04-03 09:15:00.660,20260403,91500660,000009.SZ,110478,2,0,9.52,600
2026-04-03 09:15:00.680,20260403,91500680,000009.SZ,111465,2,0,9.35,600
2026-04-03 09:15:00.690,20260403,91500690,000009.SZ,111722,2,0,8.9,4000
2026-04-03 09:15:00.700,20260403,91500700,000009.SZ,112851,1,0,7.8,400
2026-04-03 09:15:00.710,20260403,91500710,000009.SZ,113673,2,0,9.52,200
2026-04-03 09:15:00.720,20260403,91500720,000009.SZ,113695,2,0,9.32,200
2026-04-03 09:15:00.720,20260403,91500720,000009.SZ,114330,1,0,8.0,800
2026-04-03 09:15:00.720,20260403,91500720,000009.SZ,114335,1,0,7.8,800
2026-04-03 09:15:00.730,20260403,91500730,000009.SZ,114987,1,0,8.62,2500
2026-04-03 09:15:00.750,20260403,91500750,000009.SZ,115829,2,0,9.05,25000
2026-04-03 09:15:00.760,20260403,91500760,000009.SZ,116288,2,0,9.0,1500
2026-04-03 09:15:00.760,20260403,91500760,000009.SZ,116480,2,0,8.96,3000
2026-04-03 09:15:00.780,20260403,91500780,000009.SZ,117102,1,0,8.5,400
2026-04-03 09:15:00.780,20260403,91500780,000009.SZ,117289,2,0,8.97,20000
2026-04-03 09:15:00.850,20260403,91500850,000009.SZ,121308,2,0,9.25,100
2026-04-03 09:15:00.850,20260403,91500850,000009.SZ,121419,1,0,8.25,100
2026-04-03 09:15:00.850,20260403,91500850,000009.SZ,121443,2,0,9.5,100
2026-04-03 09:15:00.850,20260403,91500850,000009.SZ,121455,1,0,8.25,100
2026-04-03 09:15:00.850,20260403,91500850,000009.SZ,121456,1,0,8.4,100
2026-04-03 09:15:00.900,20260403,91500900,000009.SZ,124581,2,0,9.53,600
2026-04-03 09:15:00.900,20260403,91500900,000009.SZ,124582,2,0,9.43,600
2026-04-03 09:15:00.900,20260403,91500900,000009.SZ,124583,2,0,9.33,600
2026-04-03 09:15:00.900,20260403,91500900,000009.SZ,124584,2,0,9.23,600
2026-04-03 09:15:00.900,20260403,91500900,000009.SZ,124585,2,0,9.13,600
2026-04-03 09:15:00.910,20260403,91500910,000009.SZ,125151,2,0,9.03,400
2026-04-03 09:15:00.910,20260403,91500910,000009.SZ,125401,1,0,8.46,100
2026-04-03 09:15:00.920,20260403,91500920,000009.SZ,125819,2,0,8.93,2000
2026-04-03 09:15:00.920,20260403,91500920,000009.SZ,125964,2,0,9.2,246500
2026-04-03 09:15:00.930,20260403,91500930,000009.SZ,126530,1,0,9.53,50300
2026-04-03 09:15:00.950,20260403,91500950,000009.SZ,128382,1,0,8.41,500
2026-04-03 09:15:00.960,20260403,91500960,000009.SZ,128578,2,0,9.53,10000
2026-04-03 09:15:00.980,20260403,91500980,000009.SZ,129455,2,0,9.22,16000
2026-04-03 09:15:01.010,20260403,91501010,000009.SZ,130918,2,0,8.96,2400
2026-04-03 09:15:01.010,20260403,91501010,000009.SZ,131013,2,0,9.3,3500
2026-04-03 09:15:01.020,20260403,91501020,000009.SZ,131626,1,0,8.6,400
2026-04-03 09:15:01.030,20260403,91501030,000009.SZ,131782,1,0,8.5,2000
2026-04-03 09:15:01.030,20260403,91501030,000009.SZ,131907,2,0,9.52,200
2026-04-03 09:15:01.040,20260403,91501040,000009.SZ,132292,2,0,9.18,1000
2026-04-03 09:15:01.040,20260403,91501040,000009.SZ,132326,2,0,9.35,1000
2026-04-03 09:15:01.040,20260403,91501040,000009.SZ,132509,2,0,9.03,100
2026-04-03 09:15:01.040,20260403,91501040,000009.SZ,132826,1,0,8.58,20000
2026-04-03 09:15:01.040,20260403,91501040,000009.SZ,132827,1,0,8.58,15000
2026-04-03 09:15:01.050,20260403,91501050,000009.SZ,133088,2,0,9.29,1200
2026-04-03 09:15:01.060,20260403,91501060,000009.SZ,133676,2,0,9.06,2300
2026-04-03 09:15:01.060,20260403,91501060,000009.SZ,133677,2,0,9.24,2400
2026-04-03 09:15:01.060,20260403,91501060,000009.SZ,134030,1,0,8.38,500
2026-04-03 09:15:01.060,20260403,91501060,000009.SZ,134031,2,0,9.29,500
2026-04-03 09:15:01.100,20260403,91501100,000009.SZ,136194,2,0,9.28,4500
2026-04-03 09:15:01.100,20260403,91501100,000009.SZ,136201,2,0,8.97,1100
2026-04-03 09:15:01.100,20260403,91501100,000009.SZ,136318,2,0,8.9,3000
2026-04-03 09:15:01.140,20260403,91501140,000009.SZ,137798,2,0,9.46,300
2026-04-03 09:15:01.160,20260403,91501160,000009.SZ,138897,2,0,9.31,20000
2026-04-03 09:15:01.200,20260403,91501200,000009.SZ,140900,1,0,8.3,100
2026-04-03 09:15:01.230,20260403,91501230,000009.SZ,142359,1,0,8.26,200
2026-04-03 09:15:01.240,20260403,91501240,000009.SZ,142991,2,0,8.84,5300
2026-04-03 09:15:01.250,20260403,91501250,000009.SZ,143545,1,0,8.5,100
2026-04-03 09:15:01.250,20260403,91501250,000009.SZ,143546,2,0,9.0,100
2026-04-03 09:15:01.250,20260403,91501250,000009.SZ,143547,2,0,9.25,100
2026-04-03 09:15:01.250,20260403,91501250,000009.SZ,143958,2,0,8.98,4000
2026-04-03 09:15:01.260,20260403,91501260,000009.SZ,144393,1,0,8.0,3000
2026-04-03 09:15:01.270,20260403,91501270,000009.SZ,145056,1,0,8.02,100
2026-04-03 09:15:01.290,20260403,91501290,000009.SZ,146393,2,0,9.52,300
2026-04-03 09:15:01.300,20260403,91501300,000009.SZ,146713,1,0,8.5,700
2026-04-03 09:15:01.300,20260403,91501300,000009.SZ,146714,1,0,8.4,700
2026-04-03 09:15:01.300,20260403,91501300,000009.SZ,146717,1,0,8.3,700
2026-04-03 09:15:01.300,20260403,91501300,000009.SZ,146719,1,0,8.0,700
2026-04-03 09:15:01.300,20260403,91501300,000009.SZ,146721,1,0,8.2,700
2026-04-03 09:15:01.300,20260403,91501300,000009.SZ,146723,1,0,8.1,700
2026-04-03 09:15:01.300,20260403,91501300,000009.SZ,146725,1,0,7.9,700
2026-04-03 09:15:01.300,20260403,91501300,000009.SZ,146841,1,0,8.28,700
2026-04-03 09:15:01.310,20260403,91501310,000009.SZ,147231,2,0,9.53,3000
2026-04-03 09:15:01.320,20260403,91501320,000009.SZ,147788,2,0,9.31,9000
2026-04-03 09:15:01.320,20260403,91501320,000009.SZ,147795,2,0,9.13,1500
2026-04-03 09:15:01.360,20260403,91501360,000009.SZ,150180,1,0,8.0,100
2026-04-03 09:15:01.370,20260403,91501370,000009.SZ,150633,2,0,9.53,28000
2026-04-03 09:15:01.380,20260403,91501380,000009.SZ,150797,1,0,8.01,200
2026-04-03 09:15:01.380,20260403,91501380,000009.SZ,150874,2,0,8.79,5000
2026-04-03 09:15:01.460,20260403,91501460,000009.SZ,153508,2,0,9.53,210800
2026-04-03 09:15:01.460,20260403,91501460,000009.SZ,153516,2,0,9.53,125600
2026-04-03 09:15:01.470,20260403,91501470,000009.SZ,153988,2,0,9.52,300
2026-04-03 09:15:01.490,20260403,91501490,000009.SZ,155188,1,0,8.32,5000
2026-04-03 09:15:01.540,20260403,91501540,000009.SZ,158192,2,0,8.82,200
2026-04-03 09:15:01.540,20260403,91501540,000009.SZ,158199,2,0,8.89,200
2026-04-03 09:15:01.550,20260403,91501550,000009.SZ,158567,2,0,9.01,2400
2026-04-03 09:15:01.560,20260403,91501560,000009.SZ,159736,2,0,9.11,7000
2026-04-03 09:15:01.560,20260403,91501560,000009.SZ,159738,1,0,8.51,7000
2026-04-03 09:15:01.570,20260403,91501570,000009.SZ,160094,2,0,8.99,600
2026-04-03 09:15:01.600,20260403,91501600,000009.SZ,161054,2,0,9.53,300
2026-04-03 09:15:01.600,20260403,91501600,000009.SZ,161060,2,0,8.93,600
2026-04-03 09:15:01.700,20260403,91501700,000009.SZ,164007,1,0,8.57,1000
2026-04-03 09:15:01.710,20260403,91501710,000009.SZ,164079,2,0,9.06,300
2026-04-03 09:15:01.720,20260403,91501720,000009.SZ,164407,1,0,8.4,800
2026-04-03 09:15:01.730,20260403,91501730,000009.SZ,165066,1,0,8.2,700
2026-04-03 09:15:01.760,20260403,91501760,000009.SZ,166073,1,0,8.54,300
2026-04-03 09:15:01.780,20260403,91501780,000009.SZ,166683,1,0,8.41,1800
2026-04-03 09:15:01.830,20260403,91501830,000009.SZ,168832,1,0,7.99,1100
2026-04-03 09:15:01.830,20260403,91501830,000009.SZ,168948,1,0,8.55,300
2026-04-03 09:15:01.830,20260403,91501830,000009.SZ,168949,2,0,9.1,300
2026-04-03 09:15:01.830,20260403,91501830,000009.SZ,168950,2,0,9.53,300
2026-04-03 09:15:01.890,20260403,91501890,000009.SZ,171477,1,0,8.2,1500
2026-04-03 09:15:01.900,20260403,91501900,000009.SZ,171858,2,0,8.99,1000
2026-04-03 09:15:01.900,20260403,91501900,000009.SZ,172079,2,0,8.99,1000
2026-04-03 09:15:01.940,20260403,91501940,000009.SZ,173614,2,0,8.93,2100
2026-04-03 09:15:01.940,20260403,91501940,000009.SZ,173666,1,0,8.3,1000
2026-04-03 09:15:01.940,20260403,91501940,000009.SZ,173672,2,0,9.14,3000
2026-04-03 09:15:01.970,20260403,91501970,000009.SZ,174741,2,0,8.98,2100
2026-04-03 09:15:01.970,20260403,91501970,000009.SZ,174927,2,0,9.5,700
2026-04-03 09:15:01.980,20260403,91501980,000009.SZ,175023,2,0,9.53,5000
2026-04-03 09:15:01.980,20260403,91501980,000009.SZ,175070,2,0,8.95,1000
2026-04-03 09:15:01.980,20260403,91501980,000009.SZ,175074,2,0,9.02,1000
2026-04-03 09:15:01.980,20260403,91501980,000009.SZ,175202,1,0,8.43,2200
2026-04-03 09:15:01.980,20260403,91501980,000009.SZ,175211,2,0,8.82,3000
2026-04-03 09:15:01.980,20260403,91501980,000009.SZ,175229,2,0,9.5,700
2026-04-03 09:15:01.980,20260403,91501980,000009.SZ,175329,2,0,9.31,9000
2026-04-03 09:15:01.980,20260403,91501980,000009.SZ,175336,2,0,9.31,10700
2026-04-03 09:15:02.000,20260403,91502000,000009.SZ,175959,1,0,8.25,200
2026-04-03 09:15:02.000,20260403,91502000,000009.SZ,175962,2,0,9.1,100
2026-04-03 09:15:02.000,20260403,91502000,000009.SZ,175965,2,0,9.5,200
2026-04-03 09:15:02.040,20260403,91502040,000009.SZ,177436,2,0,9.08,1000
2026-04-03 09:15:02.040,20260403,91502040,000009.SZ,177448,2,0,9.15,2000
2026-04-03 09:15:02.050,20260403,91502050,000009.SZ,177723,1,0,7.79,200
2026-04-03 09:15:02.050,20260403,91502050,000009.SZ,177743,1,0,8.28,200
2026-04-03 09:15:02.060,20260403,91502060,000009.SZ,178090,1,0,8.46,500
2026-04-03 09:15:02.070,20260403,91502070,000009.SZ,178194,1,0,8.41,100
2026-04-03 09:15:02.080,20260403,91502080,000009.SZ,178590,2,0,8.68,2600
2026-04-03 09:15:02.080,20260403,91502080,000009.SZ,178615,2,0,9.5,600
2026-04-03 09:15:02.080,20260403,91502080,000009.SZ,178638,1,0,8.64,200
2026-04-03 09:15:02.100,20260403,91502100,000009.SZ,179285,2,0,8.88,500
2026-04-03 09:15:02.100,20260403,91502100,000009.SZ,179298,2,0,9.06,600
2026-04-03 09:15:02.100,20260403,91502100,000009.SZ,179300,2,0,9.48,800
2026-04-03 09:15:02.100,20260403,91502100,000009.SZ,179301,1,0,8.42,400
2026-04-03 09:15:02.140,20260403,91502140,000009.SZ,180180,2,0,9.53,2200
2026-04-03 09:15:02.230,20260403,91502230,000009.SZ,182076,1,0,8.01,100
2026-04-03 09:15:02.250,20260403,91502250,000009.SZ,182796,2,0,9.53,100
2026-04-03 09:15:02.280,20260403,91502280,000009.SZ,183777,2,0,9.3,200
2026-04-03 09:15:02.320,20260403,91502320,000009.SZ,184748,2,0,9.49,1300
2026-04-03 09:15:02.380,20260403,91502380,000009.SZ,185803,1,0,8.48,6000
2026-04-03 09:15:02.460,20260403,91502460,000009.SZ,187086,2,0,9.27,106
2026-04-03 09:15:02.460,20260403,91502460,000009.SZ,187089,1,0,7.81,100
2026-04-03 09:15:02.510,20260403,91502510,000009.SZ,188014,2,0,9.18,3400
2026-04-03 09:15:02.520,20260403,91502520,000009.SZ,188212,2,0,8.83,2200
2026-04-03 09:15:02.520,20260403,91502520,000009.SZ,188334,2,0,9.49,400
2026-04-03 09:15:02.530,20260403,91502530,000009.SZ,188570,1,0,8.55,2000
2026-04-03 09:15:02.530,20260403,91502530,000009.SZ,188580,2,0,9.53,5000
2026-04-03 09:15:02.540,20260403,91502540,000009.SZ,189192,2,0,9.53,300
2026-04-03 09:15:02.620,20260403,91502620,000009.SZ,190949,1,0,8.58,50000
2026-04-03 09:15:02.650,20260403,91502650,000009.SZ,191278,2,0,8.78,4000
2026-04-03 09:15:02.670,20260403,91502670,000009.SZ,191431,1,0,8.5,100
2026-04-03 09:15:02.840,20260403,91502840,000009.SZ,193965,1,0,8.5,1500
2026-04-03 09:15:02.840,20260403,91502840,000009.SZ,193974,1,0,8.5,4000
2026-04-03 09:15:02.850,20260403,91502850,000009.SZ,194086,2,0,8.95,500
2026-04-03 09:15:02.850,20260403,91502850,000009.SZ,194118,1,0,8.55,1500
2026-04-03 09:15:02.890,20260403,91502890,000009.SZ,194992,2,0,8.96,2000
2026-04-03 09:15:02.970,20260403,91502970,000009.SZ,195987,1,0,8.0,500
2026-04-03 09:15:03.030,20260403,91503030,000009.SZ,197046,2,0,9.53,1000
2026-04-03 09:15:03.030,20260403,91503030,000009.SZ,197049,2,0,9.53,1000
2026-04-03 09:15:03.030,20260403,91503030,000009.SZ,197051,2,0,9.53,1000
2026-04-03 09:15:03.030,20260403,91503030,000009.SZ,197052,2,0,9.53,1000
2026-04-03 09:15:03.080,20260403,91503080,000009.SZ,197668,1,0,8.47,1300
2026-04-03 09:15:03.100,20260403,91503100,000009.SZ,197965,1,0,8.0,200
2026-04-03 09:15:03.140,20260403,91503140,000009.SZ,198557,2,0,9.0,800
2026-04-03 09:15:03.140,20260403,91503140,000009.SZ,198567,2,0,9.52,2000
2026-04-03 09:15:03.170,20260403,91503170,000009.SZ,198790,2,0,9.45,400
2026-04-03 09:15:03.170,20260403,91503170,000009.SZ,198791,1,0,7.94,200
2026-04-03 09:15:03.220,20260403,91503220,000009.SZ,199302,1,0,8.6,600
2026-04-03 09:15:03.230,20260403,91503230,000009.SZ,199450,2,0,8.99,1000
2026-04-03 09:15:03.240,20260403,91503240,000009.SZ,199643,2,0,9.53,4500
2026-04-03 09:15:03.250,20260403,91503250,000009.SZ,199761,2,0,8.68,1000
2026-04-03 09:15:03.300,20260403,91503300,000009.SZ,200379,1,0,7.8,500
2026-04-03 09:15:03.330,20260403,91503330,000009.SZ,200651,2,0,9.18,500
2026-04-03 09:15:03.440,20260403,91503440,000009.SZ,201547,2,0,9.1,1000
2026-04-03 09:15:03.440,20260403,91503440,000009.SZ,201550,2,0,9.2,1000
2026-04-03 09:15:03.440,20260403,91503440,000009.SZ,201553,2,0,9.4,1000
2026-04-03 09:15:03.460,20260403,91503460,000009.SZ,201805,2,0,9.53,500
2026-04-03 09:15:03.500,20260403,91503500,000009.SZ,202156,1,0,8.35,100
2026-04-03 09:15:03.510,20260403,91503510,000009.SZ,202255,1,0,8.5,500
2026-04-03 09:15:03.510,20260403,91503510,000009.SZ,202321,2,0,8.98,500
2026-04-03 09:15:03.730,20260403,91503730,000009.SZ,205092,1,0,8.47,100
2026-04-03 09:15:03.930,20260403,91503930,000009.SZ,206851,2,0,8.73,3000
2026-04-03 09:15:04.010,20260403,91504010,000009.SZ,207473,2,0,9.53,1000
2026-04-03 09:15:04.090,20260403,91504090,000009.SZ,208259,1,0,8.12,1000
2026-04-03 09:15:04.090,20260403,91504090,000009.SZ,208374,2,0,9.51,6000
2026-04-03 09:15:04.160,20260403,91504160,000009.SZ,208983,2,0,8.75,2500
2026-04-03 09:15:04.220,20260403,91504220,000009.SZ,209403,2,0,8.89,2500
2026-04-03 09:15:04.230,20260403,91504230,000009.SZ,209601,1,0,8.41,400
2026-04-03 09:15:04.350,20260403,91504350,000009.SZ,210459,2,0,9.0,12400
2026-04-03 09:15:04.480,20260403,91504480,000009.SZ,210828,1,0,7.82,1000
2026-04-03 09:15:04.510,20260403,91504510,000009.SZ,211216,2,0,9.3,10000
2026-04-03 09:15:04.560,20260403,91504560,000009.SZ,211595,2,0,8.85,1000
2026-04-03 09:15:04.860,20260403,91504860,000009.SZ,212962,1,0,8.31,1200
2026-04-03 09:15:05.010,20260403,91505010,000009.SZ,213460,2,0,9.52,800
2026-04-03 09:15:05.180,20260403,91505180,000009.SZ,214281,2,0,9.48,1100
2026-04-03 09:15:05.550,20260403,91505550,000009.SZ,215487,1,0,8.58,300
2026-04-03 09:15:05.550,20260403,91505550,000009.SZ,215488,1,0,8.52,300
2026-04-03 09:15:05.560,20260403,91505560,000009.SZ,215601,2,0,9.53,8900
2026-04-03 09:15:05.560,20260403,91505560,000009.SZ,215619,2,0,9.53,700
2026-04-03 09:15:05.570,20260403,91505570,000009.SZ,215683,2,0,8.83,5000
2026-04-03 09:15:05.790,20260403,91505790,000009.SZ,216115,2,0,9.53,1200
2026-04-03 09:15:05.800,20260403,91505800,000009.SZ,216151,1,0,8.51,500
2026-04-03 09:15:06.490,20260403,91506490,000009.SZ,217570,2,0,9.52,3300
2026-04-03 09:15:07.570,20260403,91507570,000009.SZ,219096,1,0,8.3,1000
2026-04-03 09:15:07.710,20260403,91507710,000009.SZ,219303,1,0,8.4,500
2026-04-03 09:15:08.000,20260403,91508000,000009.SZ,219400,2,0,8.88,500
2026-04-03 09:15:08.000,20260403,91508000,000009.SZ,219401,2,0,8.8,500
2026-04-03 09:15:12.300,20260403,91512300,000009.SZ,221281,1,0,8.55,200
2026-04-03 09:15:12.340,20260403,91512340,000009.SZ,221292,1,0,8.66,1100
2026-04-03 09:15:12.500,20260403,91512500,000009.SZ,221316,2,0,8.69,200
2026-04-03 09:15:17.160,20260403,91517160,000009.SZ,221934,2,0,8.95,5000
2026-04-03 09:15:27.350,20260403,91527350,000009.SZ,223637,2,0,9.03,100
2026-04-03 09:15:32.300,20260403,91532300,000009.SZ,224504,2,0,9.1,100
2026-04-03 09:15:36.210,20260403,91536210,000009.SZ,225182,2,0,9.3,100
2026-04-03 09:15:36.240,20260403,91536240,000009.SZ,225195,1,0,8.5,100
2026-04-03 09:15:41.980,20260403,91541980,000009.SZ,226219,2,0,9.53,1000
2026-04-03 09:15:42.850,20260403,91542850,000009.SZ,226419,2,0,9.53,2000
2026-04-03 09:15:45.240,20260403,91545240,000009.SZ,226902,2,0,8.81,200
2026-04-03 09:15:46.770,20260403,91546770,000009.SZ,227197,2,0,8.76,400
2026-04-03 09:15:46.770,20260403,91546770,000009.SZ,227198,1,0,8.56,400
2026-04-03 09:15:46.920,20260403,91546920,000009.SZ,227233,2,0,8.84,1000
2026-04-03 09:15:49.060,20260403,91549060,000009.SZ,227677,2,0,9.03,1000
2026-04-03 09:15:53.680,20260403,91553680,000009.SZ,228550,2,0,9.17,300
2026-04-03 09:15:55.840,20260403,91555840,000009.SZ,229053,2,0,8.96,3000
2026-04-03 09:15:56.060,20260403,91556060,000009.SZ,229084,2,0,9.31,100
2026-04-03 09:15:56.060,20260403,91556060,000009.SZ,229085,1,0,8.04,100
2026-04-03 09:15:57.880,20260403,91557880,000009.SZ,229471,2,0,7.79,21200
2026-04-03 09:15:59.710,20260403,91559710,000009.SZ,229848,1,0,9.53,4400
2026-04-03 09:16:00.080,20260403,91600080,000009.SZ,229925,2,0,8.84,1000
2026-04-03 09:16:00.450,20260403,91600450,000009.SZ,230064,2,0,9.53,100
2026-04-03 09:16:03.090,20260403,91603090,000009.SZ,230677,2,0,8.72,100
2026-04-03 09:16:06.690,20260403,91606690,000009.SZ,231513,2,0,8.9,500
2026-04-03 09:16:07.230,20260403,91607230,000009.SZ,231656,2,0,8.84,1000
2026-04-03 09:16:07.420,20260403,91607420,000009.SZ,231710,2,0,9.53,10900
2026-04-03 09:16:09.020,20260403,91609020,000009.SZ,232065,2,0,8.76,100
2026-04-03 09:16:14.570,20260403,91614570,000009.SZ,233204,2,0,8.81,6000
2026-04-03 09:16:14.980,20260403,91614980,000009.SZ,233266,2,0,8.97,5500
2026-04-03 09:16:15.090,20260403,91615090,000009.SZ,233287,2,0,8.8,100
2026-04-03 09:16:15.470,20260403,91615470,000009.SZ,233369,2,0,9.53,6000
2026-04-03 09:16:15.900,20260403,91615900,000009.SZ,233461,2,0,8.83,1000
2026-04-03 09:16:16.180,20260403,91616180,000009.SZ,233527,2,0,9.22,4000
2026-04-03 09:16:19.800,20260403,91619800,000009.SZ,234225,1,0,8.08,2000
2026-04-03 09:16:20.050,20260403,91620050,000009.SZ,234276,2,0,9.0,2000
2026-04-03 09:16:21.150,20260403,91621150,000009.SZ,234503,2,0,8.84,100
2026-04-03 09:16:22.860,20260403,91622860,000009.SZ,234864,2,0,8.9,7500
2026-04-03 09:16:23.770,20260403,91623770,000009.SZ,235030,2,0,9.17,5500
2026-04-03 09:16:25.980,20260403,91625980,000009.SZ,235611,2,0,8.84,2100
2026-04-03 09:16:26.320,20260403,91626320,000009.SZ,235680,2,0,8.99,1000
2026-04-03 09:16:26.900,20260403,91626900,000009.SZ,235800,2,0,9.5,3000
2026-04-03 09:16:27.210,20260403,91627210,000009.SZ,235861,2,0,8.88,100
2026-04-03 09:16:30.490,20260403,91630490,000009.SZ,236547,1,0,8.58,300
2026-04-03 09:16:33.300,20260403,91633300,000009.SZ,237239,1,0,8.64,100
2026-04-03 09:16:35.050,20260403,91635050,000009.SZ,237695,2,0,8.81,1000
2026-04-03 09:16:36.610,20260403,91636610,000009.SZ,238065,2,0,9.0,10000
2026-04-03 09:16:36.660,20260403,91636660,000009.SZ,238075,2,0,8.81,1300
2026-04-03 09:16:39.370,20260403,91639370,000009.SZ,238792,1,0,8.6,100
2026-04-03 09:16:41.010,20260403,91641010,000009.SZ,239172,2,0,9.07,23500
2026-04-03 09:16:43.340,20260403,91643340,000009.SZ,239677,1,0,8.44,1500
2026-04-03 09:16:45.460,20260403,91645460,000009.SZ,240151,1,0,8.56,100
2026-04-03 09:16:45.650,20260403,91645650,000009.SZ,240196,2,0,9.53,6700
2026-04-03 09:16:48.180,20260403,91648180,000009.SZ,240741,2,0,9.53,400
2026-04-03 09:16:49.530,20260403,91649530,000009.SZ,241073,2,0,8.81,300
2026-04-03 09:16:50.810,20260403,91650810,000009.SZ,241391,2,0,9.3,10000
2026-04-03 09:16:51.930,20260403,91651930,000009.SZ,241632,2,0,8.81,2300
2026-04-03 09:16:52.170,20260403,91652170,000009.SZ,241679,2,0,8.98,1000
2026-04-03 09:16:52.780,20260403,91652780,000009.SZ,241804,2,0,8.83,600
2026-04-03 09:16:53.910,20260403,91653910,000009.SZ,242068,2,0,8.8,200
2026-04-03 09:16:55.160,20260403,91655160,000009.SZ,242359,2,0,9.0,1000
2026-04-03 09:16:58.110,20260403,91658110,000009.SZ,243016,2,0,9.06,300
2026-04-03 09:17:00.260,20260403,91700260,000009.SZ,243518,2,0,9.5,10000
2026-04-03 09:17:02.690,20260403,91702690,000009.SZ,244068,2,0,8.84,1500
2026-04-03 09:17:04.170,20260403,91704170,000009.SZ,244355,2,0,9.52,1700
2026-04-03 09:17:04.320,20260403,91704320,000009.SZ,244393,2,0,9.43,1000
2026-04-03 09:17:05.480,20260403,91705480,000009.SZ,244659,2,0,9.1,10000
2026-04-03 09:17:05.770,20260403,91705770,000009.SZ,244733,2,0,9.0,12900
2026-04-03 09:17:09.610,20260403,91709610,000009.SZ,245667,2,0,8.8,1000
2026-04-03 09:17:11.120,20260403,91711120,000009.SZ,246008,2,0,9.53,600
2026-04-03 09:17:13.950,20260403,91713950,000009.SZ,246670,2,0,8.81,1400
2026-04-03 09:17:14.030,20260403,91714030,000009.SZ,246691,2,0,8.8,1200
2026-04-03 09:17:16.840,20260403,91716840,000009.SZ,247384,2,0,9.38,10000
2026-04-03 09:17:17.920,20260403,91717920,000009.SZ,247642,2,0,9.53,2000
2026-04-03 09:17:18.810,20260403,91718810,000009.SZ,247862,2,0,9.2,10000
2026-04-03 09:17:23.020,20260403,91723020,000009.SZ,248879,1,0,8.59,100
2026-04-03 09:17:24.790,20260403,91724790,000009.SZ,249328,2,0,8.9,1000
2026-04-03 09:17:25.550,20260403,91725550,000009.SZ,249529,2,0,8.81,1000
2026-04-03 09:17:28.170,20260403,91728170,000009.SZ,250155,2,0,9.15,300
2026-04-03 09:17:29.600,20260403,91729600,000009.SZ,250502,2,0,9.28,5000
2026-04-03 09:17:30.460,20260403,91730460,000009.SZ,250719,2,0,9.1,1000
2026-04-03 09:17:36.850,20260403,91736850,000009.SZ,252319,2,0,9.53,900
2026-04-03 09:17:37.460,20260403,91737460,000009.SZ,252492,2,0,8.9,2000
2026-04-03 09:17:39.740,20260403,91739740,000009.SZ,253042,1,0,8.41,10000
2026-04-03 09:17:40.050,20260403,91740050,000009.SZ,253116,2,0,9.18,5000
2026-04-03 09:17:42.640,20260403,91742640,000009.SZ,253773,2,0,9.52,400
2026-04-03 09:17:43.410,20260403,91743410,000009.SZ,253974,2,0,9.53,100
2026-04-03 09:17:44.020,20260403,91744020,000009.SZ,254110,2,0,9.12,100
2026-04-03 09:17:45.450,20260403,91745450,000009.SZ,254479,2,0,8.95,1100
2026-04-03 09:17:50.840,20260403,91750840,000009.SZ,255852,2,0,8.88,2800
2026-04-03 09:17:51.840,20260403,91751840,000009.SZ,256097,2,0,9.53,3600
2026-04-03 09:17:52.470,20260403,91752470,000009.SZ,256258,2,0,9.18,3000
2026-04-03 09:17:53.940,20260403,91753940,000009.SZ,256628,2,0,9.25,500
2026-04-03 09:18:00.310,20260403,91800310,000009.SZ,258290,1,0,8.49,1000
2026-04-03 09:18:00.520,20260403,91800520,000009.SZ,258352,2,0,8.84,20000
2026-04-03 09:18:00.560,20260403,91800560,000009.SZ,258367,2,0,8.84,1000
2026-04-03 09:18:01.210,20260403,91801210,000009.SZ,258538,2,0,8.84,6000
2026-04-03 09:18:01.980,20260403,91801980,000009.SZ,258757,1,0,8.21,10000
2026-04-03 09:18:08.700,20260403,91808700,000009.SZ,260525,1,0,8.08,200
2026-04-03 09:18:10.500,20260403,91810500,000009.SZ,261025,1,0,7.79,1000
2026-04-03 09:18:10.860,20260403,91810860,000009.SZ,261123,2,0,8.83,1000
2026-04-03 09:18:11.160,20260403,91811160,000009.SZ,261202,1,0,8.51,500
2026-04-03 09:18:14.130,20260403,91814130,000009.SZ,262000,2,0,9.0,100
2026-04-03 09:18:14.290,20260403,91814290,000009.SZ,262055,1,0,8.59,200
2026-04-03 09:18:17.140,20260403,91817140,000009.SZ,262832,1,0,8.61,3000
2026-04-03 09:18:19.860,20260403,91819860,000009.SZ,263591,2,0,8.98,6000
2026-04-03 09:18:20.000,20260403,91820000,000009.SZ,263632,2,0,9.19,1900
2026-04-03 09:18:20.430,20260403,91820430,000009.SZ,263752,2,0,9.53,500
2026-04-03 09:18:21.370,20260403,91821370,000009.SZ,263993,1,0,8.48,20000
2026-04-03 09:18:21.650,20260403,91821650,000009.SZ,264079,2,0,8.84,2000
2026-04-03 09:18:22.490,20260403,91822490,000009.SZ,264281,1,0,8.68,1200
2026-04-03 09:18:31.570,20260403,91831570,000009.SZ,266752,2,0,8.96,600
2026-04-03 09:18:35.370,20260403,91835370,000009.SZ,267756,2,0,8.78,3000
2026-04-03 09:18:39.780,20260403,91839780,000009.SZ,268935,1,0,8.3,100
2026-04-03 09:18:40.490,20260403,91840490,000009.SZ,269097,1,0,8.5,20000
2026-04-03 09:18:40.640,20260403,91840640,000009.SZ,269139,2,0,9.51,400
2026-04-03 09:18:48.490,20260403,91848490,000009.SZ,271255,2,0,8.99,1200
2026-04-03 09:18:53.150,20260403,91853150,000009.SZ,272592,1,0,7.8,2000
2026-04-03 09:18:53.390,20260403,91853390,000009.SZ,272670,2,0,8.86,2000
2026-04-03 09:18:54.390,20260403,91854390,000009.SZ,272941,2,0,9.28,100000
2026-04-03 09:19:00.050,20260403,91900050,000009.SZ,274443,2,0,9.07,900
2026-04-03 09:19:06.760,20260403,91906760,000009.SZ,276305,2,0,9.09,200
2026-04-03 09:19:07.700,20260403,91907700,000009.SZ,276529,1,0,8.68,1800
2026-04-03 09:19:07.960,20260403,91907960,000009.SZ,276606,2,0,8.98,1000
2026-04-03 09:19:09.380,20260403,91909380,000009.SZ,277040,1,0,8.5,1000
2026-04-03 09:19:10.590,20260403,91910590,000009.SZ,277390,2,0,9.03,500
2026-04-03 09:19:12.150,20260403,91912150,000009.SZ,277854,2,0,8.9,2600
2026-04-03 09:19:12.780,20260403,91912780,000009.SZ,278029,2,0,9.53,500
2026-04-03 09:19:12.880,20260403,91912880,000009.SZ,278058,2,0,9.5,4300
2026-04-03 09:19:15.940,20260403,91915940,000009.SZ,278883,2,0,9.3,1000
2026-04-03 09:19:27.890,20260403,91927890,000009.SZ,282168,1,0,8.5,600
2026-04-03 09:19:32.280,20260403,91932280,000009.SZ,283426,1,0,8.5,1000
2026-04-03 09:19:36.430,20260403,91936430,000009.SZ,284609,2,0,8.93,2000
2026-04-03 09:19:37.870,20260403,91937870,000009.SZ,285019,2,0,9.0,1000
2026-04-03 09:19:40.820,20260403,91940820,000009.SZ,285901,2,0,9.08,1000
2026-04-03 09:19:40.820,20260403,91940820,000009.SZ,285902,2,0,8.85,1000
2026-04-03 09:19:52.070,20260403,91952070,000009.SZ,289061,2,0,9.53,1900
2026-04-03 09:19:59.330,20260403,91959330,000009.SZ,291122,1,0,8.65,3500
2026-04-03 09:20:00.180,20260403,92000180,000009.SZ,291391,2,0,8.23,100
2026-04-03 09:20:01.860,20260403,92001860,000009.SZ,291895,2,0,9.53,6000
2026-04-03 09:20:03.430,20260403,92003430,000009.SZ,292382,1,0,8.5,500
2026-04-03 09:20:04.830,20260403,92004830,000009.SZ,292771,2,0,8.8,9200
2026-04-03 09:20:06.790,20260403,92006790,000009.SZ,293375,1,0,8.54,8000
2026-04-03 09:20:07.710,20260403,92007710,000009.SZ,293612,2,0,8.9,4700
2026-04-03 09:20:08.610,20260403,92008610,000009.SZ,293831,2,0,9.53,100
2026-04-03 09:20:12.540,20260403,92012540,000009.SZ,294918,1,0,8.5,2000
2026-04-03 09:20:12.670,20260403,92012670,000009.SZ,294959,1,0,8.6,5800
2026-04-03 09:20:15.310,20260403,92015310,000009.SZ,295646,2,0,8.98,2000
2026-04-03 09:20:17.520,20260403,92017520,000009.SZ,296171,2,0,8.91,1000
2026-04-03 09:20:19.140,20260403,92019140,000009.SZ,296597,1,0,8.31,10000
2026-04-03 09:20:19.150,20260403,92019150,000009.SZ,296601,2,0,9.33,100
2026-04-03 09:20:21.440,20260403,92021440,000009.SZ,297181,1,0,8.54,200
2026-04-03 09:20:22.020,20260403,92022020,000009.SZ,297344,2,0,9.2,300
2026-04-03 09:20:26.640,20260403,92026640,000009.SZ,298537,2,0,9.51,3000
2026-04-03 09:20:26.990,20260403,92026990,000009.SZ,298635,2,0,8.73,1500
2026-04-03 09:20:31.400,20260403,92031400,000009.SZ,299773,1,0,8.51,10000
2026-04-03 09:20:43.340,20260403,92043340,000009.SZ,303064,2,0,8.68,3900
2026-04-03 09:20:43.550,20260403,92043550,000009.SZ,303114,2,0,8.88,5000
2026-04-03 09:20:48.350,20260403,92048350,000009.SZ,304439,2,0,8.88,500
2026-04-03 09:20:48.730,20260403,92048730,000009.SZ,304541,1,0,8.61,5000
2026-04-03 09:20:49.150,20260403,92049150,000009.SZ,304647,1,0,8.17,600
2026-04-03 09:20:49.150,20260403,92049150,000009.SZ,304648,2,0,9.03,600
2026-04-03 09:20:49.580,20260403,92049580,000009.SZ,304767,2,0,9.53,3600
2026-04-03 09:20:51.600,20260403,92051600,000009.SZ,305356,2,0,8.98,5000
2026-04-03 09:20:58.150,20260403,92058150,000009.SZ,307144,2,0,8.9,1000
2026-04-03 09:21:01.130,20260403,92101130,000009.SZ,308848,2,0,9.2,500
2026-04-03 09:21:02.610,20260403,92102610,000009.SZ,309576,1,0,8.54,200
2026-04-03 09:21:02.880,20260403,92102880,000009.SZ,309641,2,0,8.96,500
2026-04-03 09:21:05.490,20260403,92105490,000009.SZ,310486,1,0,8.5,1300
2026-04-03 09:21:07.820,20260403,92107820,000009.SZ,311171,2,0,9.01,2000
2026-04-03 09:21:15.440,20260403,92115440,000009.SZ,313615,2,0,9.03,500
2026-04-03 09:21:15.770,20260403,92115770,000009.SZ,313716,1,0,8.5,10000
2026-04-03 09:21:16.010,20260403,92116010,000009.SZ,313805,2,0,9.52,300
2026-04-03 09:21:17.420,20260403,92117420,000009.SZ,314224,1,0,8.35,2000
2026-04-03 09:21:30.540,20260403,92130540,000009.SZ,318154,1,0,8.0,500
2026-04-03 09:21:32.240,20260403,92132240,000009.SZ,318687,2,0,9.53,300
2026-04-03 09:21:33.670,20260403,92133670,000009.SZ,319149,2,0,9.19,100
2026-04-03 09:21:36.290,20260403,92136290,000009.SZ,319944,2,0,8.9,500
2026-04-03 09:21:37.400,20260403,92137400,000009.SZ,320276,1,0,8.5,20000
2026-04-03 09:21:39.380,20260403,92139380,000009.SZ,320887,2,0,8.84,2200
2026-04-03 09:21:40.880,20260403,92140880,000009.SZ,321358,1,0,8.6,1100
2026-04-03 09:21:43.040,20260403,92143040,000009.SZ,322003,1,0,8.5,30000
2026-04-03 09:21:52.280,20260403,92152280,000009.SZ,324810,2,0,8.68,1100
2026-04-03 09:21:55.130,20260403,92155130,000009.SZ,325710,2,0,8.82,5500
2026-04-03 09:22:05.730,20260403,92205730,000009.SZ,329079,1,0,8.48,1200
2026-04-03 09:22:05.780,20260403,92205780,000009.SZ,329099,2,0,9.43,3300
2026-04-03 09:22:09.870,20260403,92209870,000009.SZ,330440,2,0,9.53,3600
2026-04-03 09:22:10.310,20260403,92210310,000009.SZ,330577,2,0,9.53,1000
2026-04-03 09:22:11.410,20260403,92211410,000009.SZ,330930,2,0,9.53,300
2026-04-03 09:22:12.760,20260403,92212760,000009.SZ,331361,2,0,9.5,3000
2026-04-03 09:22:13.440,20260403,92213440,000009.SZ,331583,1,0,8.41,100
2026-04-03 09:22:14.340,20260403,92214340,000009.SZ,331860,1,0,8.38,500
2026-04-03 09:22:14.850,20260403,92214850,000009.SZ,332013,2,0,9.47,2700
2026-04-03 09:22:18.760,20260403,92218760,000009.SZ,333309,2,0,8.99,1500
2026-04-03 09:22:19.220,20260403,92219220,000009.SZ,333457,2,0,9.41,2700
2026-04-03 09:22:21.810,20260403,92221810,000009.SZ,334311,1,0,7.86,100
2026-04-03 09:22:22.210,20260403,92222210,000009.SZ,334440,1,0,8.52,1100
2026-04-03 09:22:25.850,20260403,92225850,000009.SZ,335642,2,0,9.5,200
2026-04-03 09:22:25.880,20260403,92225880,000009.SZ,335656,2,0,9.38,2700
2026-04-03 09:22:28.950,20260403,92228950,000009.SZ,336633,1,0,8.6,10000
2026-04-03 09:22:29.320,20260403,92229320,000009.SZ,336748,1,0,8.35,900
2026-04-03 09:22:31.700,20260403,92231700,000009.SZ,337569,2,0,8.68,100
2026-04-03 09:22:32.270,20260403,92232270,000009.SZ,337749,2,0,9.32,1400
2026-04-03 09:22:32.440,20260403,92232440,000009.SZ,337797,2,0,9.15,500
2026-04-03 09:22:32.460,20260403,92232460,000009.SZ,337803,2,0,9.19,200
2026-04-03 09:22:35.680,20260403,92235680,000009.SZ,338932,2,0,9.53,1600
2026-04-03 09:22:38.890,20260403,92238890,000009.SZ,340019,2,0,9.42,600
2026-04-03 09:22:39.860,20260403,92239860,000009.SZ,340350,2,0,9.28,1400
2026-04-03 09:22:40.110,20260403,92240110,000009.SZ,340440,2,0,9.37,600
2026-04-03 09:22:41.870,20260403,92241870,000009.SZ,341079,2,0,8.95,5000
2026-04-03 09:22:42.480,20260403,92242480,000009.SZ,341296,2,0,8.84,3700
2026-04-03 09:22:44.660,20260403,92244660,000009.SZ,342038,1,0,8.48,1500
2026-04-03 09:22:44.750,20260403,92244750,000009.SZ,342061,2,0,9.19,1000
2026-04-03 09:22:47.610,20260403,92247610,000009.SZ,343050,2,0,8.85,3400
2026-04-03 09:22:47.970,20260403,92247970,000009.SZ,343158,2,0,8.95,2000
2026-04-03 09:22:48.310,20260403,92248310,000009.SZ,343288,2,0,8.88,1000
2026-04-03 09:22:48.970,20260403,92248970,000009.SZ,343516,1,0,8.59,10000
2026-04-03 09:22:57.540,20260403,92257540,000009.SZ,346502,1,0,8.4,300
2026-04-03 09:22:58.200,20260403,92258200,000009.SZ,346728,2,0,9.26,200
2026-04-03 09:22:59.960,20260403,92259960,000009.SZ,347378,2,0,8.73,1000
2026-04-03 09:23:00.760,20260403,92300760,000009.SZ,347678,2,0,8.72,1000
2026-04-03 09:23:03.340,20260403,92303340,000009.SZ,348713,1,0,8.37,500
2026-04-03 09:23:04.930,20260403,92304930,000009.SZ,349299,1,0,8.61,1000
2026-04-03 09:23:05.550,20260403,92305550,000009.SZ,349540,1,0,8.5,44000
2026-04-03 09:23:10.570,20260403,92310570,000009.SZ,351472,2,0,8.67,1000
2026-04-03 09:23:14.930,20260403,92314930,000009.SZ,353067,1,0,8.61,17000
2026-04-03 09:23:15.460,20260403,92315460,000009.SZ,353247,1,0,8.1,400
2026-04-03 09:23:15.730,20260403,92315730,000009.SZ,353347,1,0,8.57,300
2026-04-03 09:23:16.550,20260403,92316550,000009.SZ,353657,2,0,8.88,21500
2026-04-03 09:23:16.650,20260403,92316650,000009.SZ,353686,2,0,7.79,8000
2026-04-03 09:23:18.060,20260403,92318060,000009.SZ,354195,1,0,8.49,1000
2026-04-03 09:23:19.320,20260403,92319320,000009.SZ,354701,1,0,8.56,1000
2026-04-03 09:23:24.050,20260403,92324050,000009.SZ,356534,2,0,9.51,500
2026-04-03 09:23:31.220,20260403,92331220,000009.SZ,359442,2,0,9.07,5000
2026-04-03 09:23:33.770,20260403,92333770,000009.SZ,360517,2,0,9.53,5000
2026-04-03 09:23:39.670,20260403,92339670,000009.SZ,362978,1,0,7.8,400
2026-04-03 09:23:40.410,20260403,92340410,000009.SZ,363294,2,0,8.73,1200
2026-04-03 09:23:44.760,20260403,92344760,000009.SZ,365091,1,0,8.68,1000
2026-04-03 09:23:45.890,20260403,92345890,000009.SZ,365569,1,0,8.66,600
2026-04-03 09:23:47.910,20260403,92347910,000009.SZ,366431,2,0,8.87,10000
2026-04-03 09:23:48.320,20260403,92348320,000009.SZ,366601,2,0,8.76,800
2026-04-03 09:23:49.820,20260403,92349820,000009.SZ,367241,2,0,8.81,1000
2026-04-03 09:23:52.180,20260403,92352180,000009.SZ,368291,1,0,8.3,1500
2026-04-03 09:23:53.760,20260403,92353760,000009.SZ,368951,2,0,8.81,12500
2026-04-03 09:23:54.370,20260403,92354370,000009.SZ,369204,2,0,7.79,2000
2026-04-03 09:23:55.830,20260403,92355830,000009.SZ,369831,1,0,8.67,2500
2026-04-03 09:23:56.640,20260403,92356640,000009.SZ,370199,2,0,8.89,5100
2026-04-03 09:23:59.030,20260403,92359030,000009.SZ,371194,2,0,8.9,800
2026-04-03 09:23:59.130,20260403,92359130,000009.SZ,371235,1,0,8.67,200
2026-04-03 09:24:00.760,20260403,92400760,000009.SZ,372020,1,0,8.2,2000
2026-04-03 09:24:02.560,20260403,92402560,000009.SZ,372934,2,0,9.53,700
2026-04-03 09:24:04.550,20260403,92404550,000009.SZ,373899,1,0,8.45,3000
2026-04-03 09:24:04.580,20260403,92404580,000009.SZ,373919,1,0,8.51,300
2026-04-03 09:24:05.060,20260403,92405060,000009.SZ,374162,2,0,8.87,2500
2026-04-03 09:24:05.100,20260403,92405100,000009.SZ,374176,2,0,9.53,1000
2026-04-03 09:24:06.230,20260403,92406230,000009.SZ,374740,1,0,8.58,100
2026-04-03 09:24:09.000,20260403,92409000,000009.SZ,376160,2,0,8.95,3000
2026-04-03 09:24:09.100,20260403,92409100,000009.SZ,376212,2,0,9.53,500
2026-04-03 09:24:09.610,20260403,92409610,000009.SZ,376468,2,0,8.81,3000
2026-04-03 09:24:11.100,20260403,92411100,000009.SZ,377269,1,0,8.0,3000
2026-04-03 09:24:11.670,20260403,92411670,000009.SZ,377576,2,0,9.52,400
2026-04-03 09:24:13.660,20260403,92413660,000009.SZ,378684,2,0,9.0,300
2026-04-03 09:24:15.770,20260403,92415770,000009.SZ,379861,1,0,8.71,1100
2026-04-03 09:24:17.820,20260403,92417820,000009.SZ,381034,2,0,8.78,1000
2026-04-03 09:24:19.040,20260403,92419040,000009.SZ,381744,2,0,8.85,2000
2026-04-03 09:24:19.870,20260403,92419870,000009.SZ,382252,1,0,8.5,4900
2026-04-03 09:24:20.500,20260403,92420500,000009.SZ,382631,2,0,8.8,1000
2026-04-03 09:24:20.520,20260403,92420520,000009.SZ,382650,2,0,9.1,1000
2026-04-03 09:24:20.830,20260403,92420830,000009.SZ,382845,1,0,8.6,1000
2026-04-03 09:24:22.040,20260403,92422040,000009.SZ,383569,1,0,7.79,4000
2026-04-03 09:24:25.530,20260403,92425530,000009.SZ,385754,1,0,8.46,1000
2026-04-03 09:24:30.420,20260403,92430420,000009.SZ,389026,2,0,7.79,1000
2026-04-03 09:24:31.010,20260403,92431010,000009.SZ,389447,1,0,8.03,100
2026-04-03 09:24:32.640,20260403,92432640,000009.SZ,390530,1,0,8.67,200
2026-04-03 09:24:33.530,20260403,92433530,000009.SZ,391111,2,0,9.0,35700
2026-04-03 09:24:36.520,20260403,92436520,000009.SZ,393202,2,0,9.3,8800
2026-04-03 09:24:37.570,20260403,92437570,000009.SZ,393972,2,0,9.1,2000
2026-04-03 09:24:42.780,20260403,92442780,000009.SZ,398011,1,0,8.58,1700
2026-04-03 09:24:43.560,20260403,92443560,000009.SZ,398615,1,0,8.93,600
2026-04-03 09:24:43.850,20260403,92443850,000009.SZ,398812,1,0,8.7,3000
2026-04-03 09:24:48.830,20260403,92448830,000009.SZ,402673,1,0,8.46,500
2026-04-03 09:24:49.130,20260403,92449130,000009.SZ,402955,2,0,8.5,100
2026-04-03 09:24:49.400,20260403,92449400,000009.SZ,403337,1,0,8.83,11600
2026-04-03 09:24:51.050,20260403,92451050,000009.SZ,405509,1,0,8.81,100
2026-04-03 09:24:54.900,20260403,92454900,000009.SZ,410132,2,0,8.65,100
2026-04-03 09:24:54.900,20260403,92454900,000009.SZ,410166,1,0,8.76,100
2026-04-03 09:24:55.040,20260403,92455040,000009.SZ,410391,1,0,8.7,1300
2026-04-03 09:24:55.900,20260403,92455900,000009.SZ,412093,2,0,8.65,900
2026-04-03 09:24:55.950,20260403,92455950,000009.SZ,412220,2,0,8.59,100
2026-04-03 09:24:56.210,20260403,92456210,000009.SZ,412827,2,0,9.53,800
2026-04-03 09:24:56.860,20260403,92456860,000009.SZ,414349,1,0,8.77,400
2026-04-03 09:24:57.180,20260403,92457180,000009.SZ,415095,1,0,8.68,100
2026-04-03 09:24:57.350,20260403,92457350,000009.SZ,415505,1,0,9.53,100
2026-04-03 09:24:57.360,20260403,92457360,000009.SZ,415558,1,0,9.53,100
2026-04-03 09:24:57.600,20260403,92457600,000009.SZ,416335,1,0,8.83,8800
2026-04-03 09:24:57.630,20260403,92457630,000009.SZ,416423,1,0,8.2,1000
2026-04-03 09:24:58.770,20260403,92458770,000009.SZ,420028,1,0,8.83,17200
2026-04-03 09:24:59.480,20260403,92459480,000009.SZ,423299,2,0,8.76,400
2026-04-03 09:24:59.520,20260403,92459520,000009.SZ,423581,2,0,8.73,3000
2026-04-03 09:24:59.610,20260403,92459610,000009.SZ,424298,2,0,8.68,5200
2026-04-03 09:24:59.930,20260403,92459930,000009.SZ,425865,2,0,8.68,28900
2026-04-03 09:30:00.030,20260403,93000030,000009.SZ,493114,1,0,8.68,400
2026-04-03 09:30:00.040,20260403,93000040,000009.SZ,494665,1,0,8.2,500
2026-04-03 09:30:00.040,20260403,93000040,000009.SZ,496528,2,0,9.08,6000
2026-04-03 09:30:00.040,20260403,93000040,000009.SZ,498678,1,0,8.54,300
2026-04-03 09:30:00.050,20260403,93000050,000009.SZ,501397,1,0,8.43,1000
2026-04-03 09:30:00.050,20260403,93000050,000009.SZ,502289,2,0,9.52,3000
2026-04-03 09:30:00.050,20260403,93000050,000009.SZ,502363,1,0,8.68,400
2026-04-03 09:30:00.050,20260403,93000050,000009.SZ,502990,1,0,8.33,2000
2026-04-03 09:30:00.050,20260403,93000050,000009.SZ,503722,1,0,8.61,2000
2026-04-03 09:30:00.050,20260403,93000050,000009.SZ,504087,2,0,9.32,600
2026-04-03 09:30:00.050,20260403,93000050,000009.SZ,504335,1,0,8.68,2500
2026-04-03 09:30:00.050,20260403,93000050,000009.SZ,505826,1,0,8.6,500
2026-04-03 09:30:00.060,20260403,93000060,000009.SZ,508040,2,0,8.84,500
2026-04-03 09:30:00.060,20260403,93000060,000009.SZ,510619,1,0,8.48,500
2026-04-03 09:30:00.060,20260403,93000060,000009.SZ,511326,1,0,8.65,1500
2026-04-03 09:30:00.060,20260403,93000060,000009.SZ,511727,2,0,8.9,4000
2026-04-03 09:30:00.060,20260403,93000060,000009.SZ,512241,1,0,8.68,300
2026-04-03 09:30:00.070,20260403,93000070,000009.SZ,512794,2,0,9.52,4000
2026-04-03 09:30:00.070,20260403,93000070,000009.SZ,513486,1,0,8.66,1000
2026-04-03 09:30:00.070,20260403,93000070,000009.SZ,513799,2,0,8.72,2400
2026-04-03 09:30:00.070,20260403,93000070,000009.SZ,514153,2,0,8.99,300
2026-04-03 09:30:00.070,20260403,93000070,000009.SZ,514429,2,0,8.73,100
2026-04-03 09:30:00.070,20260403,93000070,000009.SZ,516419,2,0,9.48,1000
2026-04-03 09:30:00.070,20260403,93000070,000009.SZ,516718,1,0,8.68,500
2026-04-03 09:30:00.070,20260403,93000070,000009.SZ,517318,1,0,8.65,1000
2026-04-03 09:30:00.080,20260403,93000080,000009.SZ,517685,1,0,8.6,1000
2026-04-03 09:30:00.080,20260403,93000080,000009.SZ,518245,2,0,8.78,1000
2026-04-03 09:30:00.080,20260403,93000080,000009.SZ,518984,2,0,9.5,4000
2026-04-03 09:30:00.080,20260403,93000080,000009.SZ,519092,2,0,9.53,1000
2026-04-03 09:30:00.080,20260403,93000080,000009.SZ,519249,2,0,9.53,100
2026-04-03 09:30:00.080,20260403,93000080,000009.SZ,519658,2,0,8.72,7200
2026-04-03 09:30:00.080,20260403,93000080,000009.SZ,519720,2,0,9.53,500
2026-04-03 09:30:00.080,20260403,93000080,000009.SZ,520023,1,0,8.63,1000
2026-04-03 09:30:00.090,20260403,93000090,000009.SZ,523267,2,0,8.84,8000
2026-04-03 09:30:00.090,20260403,93000090,000009.SZ,523464,2,0,8.7,1000
2026-04-03 09:30:00.090,20260403,93000090,000009.SZ,523472,2,0,8.79,1000
2026-04-03 09:30:00.090,20260403,93000090,000009.SZ,523701,1,0,8.67,1000
2026-04-03 09:30:00.090,20260403,93000090,000009.SZ,524453,1,0,8.66,1000
2026-04-03 09:30:00.100,20260403,93000100,000009.SZ,528272,2,0,8.83,2000
2026-04-03 09:30:00.100,20260403,93000100,000009.SZ,529498,1,0,8.64,10000
2026-04-03 09:30:00.100,20260403,93000100,000009.SZ,529503,2,0,9.53,5000
2026-04-03 09:30:00.100,20260403,93000100,000009.SZ,530592,1,0,8.49,1000
2026-04-03 09:30:00.100,20260403,93000100,000009.SZ,530685,2,0,8.87,1000
2026-04-03 09:30:00.110,20260403,93000110,000009.SZ,532398,2,0,8.77,2000
2026-04-03 09:30:00.110,20260403,93000110,000009.SZ,533803,2,0,9.29,1000
2026-04-03 09:30:00.110,20260403,93000110,000009.SZ,534400,2,0,8.88,200
2026-04-03 09:30:00.110,20260403,93000110,000009.SZ,534545,2,0,8.82,500
2026-04-03 09:30:00.110,20260403,93000110,000009.SZ,534927,2,0,8.79,500
2026-04-03 09:30:00.110,20260403,93000110,000009.SZ,535132,1,0,8.67,2000
2026-04-03 09:30:00.110,20260403,93000110,000009.SZ,535271,2,0,8.74,5000
2026-04-03 09:30:00.110,20260403,93000110,000009.SZ,536652,2,0,8.8,100
2026-04-03 09:30:00.120,20260403,93000120,000009.SZ,537529,2,0,8.9,1000
2026-04-03 09:30:00.120,20260403,93000120,000009.SZ,538234,2,0,8.95,1000
2026-04-03 09:30:00.120,20260403,93000120,000009.SZ,538472,2,0,8.8,600
2026-04-03 09:30:00.120,20260403,93000120,000009.SZ,539300,2,0,8.82,1600
2026-04-03 09:30:00.130,20260403,93000130,000009.SZ,545727,1,0,8.7,300
2026-04-03 09:30:00.130,20260403,93000130,000009.SZ,546568,2,0,8.96,500
2026-04-03 09:30:00.130,20260403,93000130,000009.SZ,546615,1,0,8.7,300
2026-04-03 09:30:00.130,20260403,93000130,000009.SZ,547389,2,0,9.52,700
2026-04-03 09:30:00.140,20260403,93000140,000009.SZ,548498,2,0,9.19,100
2026-04-03 09:30:00.140,20260403,93000140,000009.SZ,549604,2,0,8.75,19600
2026-04-03 09:30:00.140,20260403,93000140,000009.SZ,550125,1,0,8.6,1000
2026-04-03 09:30:00.140,20260403,93000140,000009.SZ,550194,2,0,8.9,2000
2026-04-03 09:30:00.140,20260403,93000140,000009.SZ,550587,2,0,9.53,3000
2026-04-03 09:30:00.140,20260403,93000140,000009.SZ,552241,1,0,8.6,700
2026-04-03 09:30:00.160,20260403,93000160,000009.SZ,557533,2,0,8.83,20000
2026-04-03 09:30:00.160,20260403,93000160,000009.SZ,559084,1,0,8.68,400
2026-04-03 09:30:00.160,20260403,93000160,000009.SZ,560069,2,0,8.67,600
2026-04-03 09:30:00.160,20260403,93000160,000009.SZ,560128,2,0,8.9,500
2026-04-03 09:30:00.160,20260403,93000160,000009.SZ,560961,1,0,8.68,300
2026-04-03 09:30:00.170,20260403,93000170,000009.SZ,562887,1,0,8.41,1500
2026-04-03 09:30:00.170,20260403,93000170,000009.SZ,563921,2,0,9.0,600
2026-04-03 09:30:00.170,20260403,93000170,000009.SZ,565211,1,0,8.68,1200
2026-04-03 09:30:00.170,20260403,93000170,000009.SZ,565313,1,0,8.61,77900
2026-04-03 09:30:00.180,20260403,93000180,000009.SZ,568816,2,0,8.74,13800
2026-04-03 09:30:00.190,20260403,93000190,000009.SZ,571258,2,0,9.53,4100
2026-04-03 09:30:00.190,20260403,93000190,000009.SZ,572247,1,0,8.67,1100
2026-04-03 09:30:00.190,20260403,93000190,000009.SZ,573060,1,0,8.67,3100
2026-04-03 09:30:00.200,20260403,93000200,000009.SZ,575284,1,0,8.68,1200
2026-04-03 09:30:00.200,20260403,93000200,000009.SZ,575290,1,0,8.5,500
2026-04-03 09:30:00.210,20260403,93000210,000009.SZ,577617,2,0,8.8,600
2026-04-03 09:30:00.210,20260403,93000210,000009.SZ,578085,1,0,8.6,500
2026-04-03 09:30:00.210,20260403,93000210,000009.SZ,578087,1,0,8.68,600
2026-04-03 09:30:00.210,20260403,93000210,000009.SZ,579126,2,0,8.72,1400
2026-04-03 09:30:00.210,20260403,93000210,000009.SZ,579571,1,0,8.5,500
2026-04-03 09:30:00.210,20260403,93000210,000009.SZ,580421,1,0,8.49,400
2026-04-03 09:30:00.220,20260403,93000220,000009.SZ,582366,2,0,8.75,10000
2026-04-03 09:30:00.220,20260403,93000220,000009.SZ,582495,2,0,8.91,500
2026-04-03 09:30:00.220,20260403,93000220,000009.SZ,583393,2,0,8.84,13300
2026-04-03 09:30:00.230,20260403,93000230,000009.SZ,584733,1,0,8.69,1700
2026-04-03 09:30:00.230,20260403,93000230,000009.SZ,586137,2,0,8.75,1000
2026-04-03 09:30:00.230,20260403,93000230,000009.SZ,586681,1,0,8.68,600
2026-04-03 09:30:00.240,20260403,93000240,000009.SZ,588367,1,0,8.7,300
2026-04-03 09:30:00.250,20260403,93000250,000009.SZ,590633,2,0,8.88,1000
2026-04-03 09:30:00.250,20260403,93000250,000009.SZ,591501,2,0,8.68,343
2026-04-03 09:30:00.250,20260403,93000250,000009.SZ,591823,2,0,9.04,400
2026-04-03 09:30:00.250,20260403,93000250,000009.SZ,592852,1,0,8.61,4900
2026-04-03 09:30:00.250,20260403,93000250,000009.SZ,592969,1,0,8.64,1000
2026-04-03 09:30:00.260,20260403,93000260,000009.SZ,594273,2,0,9.53,1600
2026-04-03 09:30:00.260,20260403,93000260,000009.SZ,594670,2,0,8.95,6800
2026-04-03 09:30:00.260,20260403,93000260,000009.SZ,594972,2,0,9.53,11700
2026-04-03 09:30:00.260,20260403,93000260,000009.SZ,595348,2,0,8.88,800
2026-04-03 09:30:00.270,20260403,93000270,000009.SZ,597246,2,0,8.81,8000
2026-04-03 09:30:00.270,20260403,93000270,000009.SZ,597704,2,0,8.9,2000
2026-04-03 09:30:00.270,20260403,93000270,000009.SZ,597809,2,0,8.78,1000
2026-04-03 09:30:00.280,20260403,93000280,000009.SZ,599188,1,0,8.66,2000
2026-04-03 09:30:00.280,20260403,93000280,000009.SZ,600195,2,0,8.74,1000
2026-04-03 09:30:00.280,20260403,93000280,000009.SZ,600510,2,0,8.88,10000
2026-04-03 09:30:00.280,20260403,93000280,000009.SZ,601193,2,0,8.86,100
2026-04-03 09:30:00.300,20260403,93000300,000009.SZ,604132,2,0,8.85,8300
2026-04-03 09:30:00.300,20260403,93000300,000009.SZ,604285,2,0,9.06,3800
2026-04-03 09:30:00.300,20260403,93000300,000009.SZ,604728,2,0,8.68,700
2026-04-03 09:30:00.300,20260403,93000300,000009.SZ,605385,2,0,9.0,1000
2026-04-03 09:30:00.310,20260403,93000310,000009.SZ,607834,2,0,8.72,600
2026-04-03 09:30:00.330,20260403,93000330,000009.SZ,611922,2,0,9.53,1400
2026-04-03 09:30:00.350,20260403,93000350,000009.SZ,615742,1,0,8.49,100
2026-04-03 09:30:00.370,20260403,93000370,000009.SZ,618956,1,0,8.63,2500
2026-04-03 09:30:00.420,20260403,93000420,000009.SZ,626599,2,0,8.95,1700
2026-04-03 09:30:00.420,20260403,93000420,000009.SZ,626821,2,0,8.96,1700
2026-04-03 09:30:00.420,20260403,93000420,000009.SZ,627197,1,0,8.61,1000
2026-04-03 09:30:00.420,20260403,93000420,000009.SZ,627330,2,0,8.97,1700
2026-04-03 09:30:00.450,20260403,93000450,000009.SZ,630334,1,0,8.62,400
2026-04-03 09:30:00.460,20260403,93000460,000009.SZ,632270,1,0,8.6,400
2026-04-03 09:30:00.460,20260403,93000460,000009.SZ,632277,1,0,8.56,500
2026-04-03 09:30:00.460,20260403,93000460,000009.SZ,632298,1,0,8.53,500
2026-04-03 09:30:00.460,20260403,93000460,000009.SZ,632311,1,0,8.5,500
2026-04-03 09:30:00.470,20260403,93000470,000009.SZ,633372,1,0,8.1,100
2026-04-03 09:30:00.470,20260403,93000470,000009.SZ,633395,1,0,8.13,100
2026-04-03 09:30:00.470,20260403,93000470,000009.SZ,633406,1,0,8.39,100
2026-04-03 09:30:00.470,20260403,93000470,000009.SZ,633416,1,0,8.21,100
2026-04-03 09:30:00.470,20260403,93000470,000009.SZ,633423,1,0,8.05,100
2026-04-03 09:30:00.470,20260403,93000470,000009.SZ,633431,1,0,8.34,100
2026-04-03 09:30:00.470,20260403,93000470,000009.SZ,633432,1,0,8.07,100
2026-04-03 09:30:00.470,20260403,93000470,000009.SZ,633433,1,0,8.29,100
2026-04-03 09:30:00.470,20260403,93000470,000009.SZ,633443,1,0,8.18,100
2026-04-03 09:30:00.470,20260403,93000470,000009.SZ,633446,1,0,8.04,100
2026-04-03 09:30:00.470,20260403,93000470,000009.SZ,633447,1,0,8.15,100
2026-04-03 09:30:00.470,20260403,93000470,000009.SZ,633461,1,0,8.26,100
2026-04-03 09:30:00.470,20260403,93000470,000009.SZ,633464,1,0,8.42,100
2026-04-03 09:30:00.470,20260403,93000470,000009.SZ,633486,1,0,8.38,100
2026-04-03 09:30:00.470,20260403,93000470,000009.SZ,633492,1,0,8.48,100
2026-04-03 09:30:00.470,20260403,93000470,000009.SZ,633495,1,0,8.5,100
2026-04-03 09:30:00.470,20260403,93000470,000009.SZ,633585,1,0,8.2,100
2026-04-03 09:30:00.470,20260403,93000470,000009.SZ,633605,1,0,8.45,100
2026-04-03 09:30:00.470,20260403,93000470,000009.SZ,633881,1,0,8.28,100
2026-04-03 09:30:00.480,20260403,93000480,000009.SZ,634471,1,0,8.68,300
2026-04-03 09:30:00.480,20260403,93000480,000009.SZ,634749,1,0,8.68,1700
2026-04-03 09:30:00.480,20260403,93000480,000009.SZ,634866,1,0,8.32,100
2026-04-03 09:30:00.480,20260403,93000480,000009.SZ,635750,1,0,8.38,1500
2026-04-03 09:30:00.490,20260403,93000490,000009.SZ,636408,2,0,8.73,5000
2026-04-03 09:30:00.490,20260403,93000490,000009.SZ,637146,1,0,8.65,500
2026-04-03 09:30:00.500,20260403,93000500,000009.SZ,638319,2,0,8.75,4400
2026-04-03 09:30:00.510,20260403,93000510,000009.SZ,639332,1,0,8.35,100
2026-04-03 09:30:00.510,20260403,93000510,000009.SZ,639530,1,0,8.63,6000
2026-04-03 09:30:00.510,20260403,93000510,000009.SZ,639952,2,0,8.89,500
2026-04-03 09:30:00.510,20260403,93000510,000009.SZ,640047,2,0,8.74,5000
2026-04-03 09:30:00.510,20260403,93000510,000009.SZ,640076,2,0,8.74,3500
2026-04-03 09:30:00.520,20260403,93000520,000009.SZ,640972,2,0,8.72,2000
2026-04-03 09:30:00.530,20260403,93000530,000009.SZ,642567,1,0,8.3,500
2026-04-03 09:30:00.540,20260403,93000540,000009.SZ,643754,1,0,8.7,2500
2026-04-03 09:30:00.540,20260403,93000540,000009.SZ,644143,2,0,9.5,1000
2026-04-03 09:30:00.550,20260403,93000550,000009.SZ,645988,1,0,8.7,600
2026-04-03 09:30:00.560,20260403,93000560,000009.SZ,647263,1,0,8.68,500
2026-04-03 09:30:00.560,20260403,93000560,000009.SZ,647604,2,0,8.74,3000
2026-04-03 09:30:00.580,20260403,93000580,000009.SZ,651067,1,0,8.5,100
2026-04-03 09:30:00.600,20260403,93000600,000009.SZ,654061,1,0,8.5,2100
2026-04-03 09:30:00.620,20260403,93000620,000009.SZ,657560,2,0,8.76,1000
2026-04-03 09:30:00.630,20260403,93000630,000009.SZ,657812,2,0,9.53,100
2026-04-03 09:30:00.650,20260403,93000650,000009.SZ,660203,1,0,8.62,12200
2026-04-03 09:30:00.660,20260403,93000660,000009.SZ,661678,2,0,9.3,6000
2026-04-03 09:30:00.660,20260403,93000660,000009.SZ,662281,2,0,9.0,600
2026-04-03 09:30:00.660,20260403,93000660,000009.SZ,662367,1,0,8.68,600
2026-04-03 09:30:00.660,20260403,93000660,000009.SZ,662679,2,0,9.53,5000
2026-04-03 09:30:00.680,20260403,93000680,000009.SZ,664332,2,0,9.53,200
2026-04-03 09:30:00.700,20260403,93000700,000009.SZ,667112,1,0,8.6,1000
2026-04-03 09:30:00.700,20260403,93000700,000009.SZ,667175,2,0,8.76,400
2026-04-03 09:30:00.710,20260403,93000710,000009.SZ,667824,1,0,8.55,1000
2026-04-03 09:30:00.740,20260403,93000740,000009.SZ,670780,1,0,8.44,100
2026-04-03 09:30:00.740,20260403,93000740,000009.SZ,670835,1,0,8.64,1000
2026-04-03 09:30:00.740,20260403,93000740,000009.SZ,671163,1,0,8.61,500
2026-04-03 09:30:00.750,20260403,93000750,000009.SZ,672393,2,0,8.87,1000
2026-04-03 09:30:00.750,20260403,93000750,000009.SZ,673094,2,0,9.0,1000
2026-04-03 09:30:00.770,20260403,93000770,000009.SZ,676069,1,0,8.4,500
2026-04-03 09:30:00.780,20260403,93000780,000009.SZ,677562,1,0,8.72,1200
2026-04-03 09:30:00.810,20260403,93000810,000009.SZ,679827,2,0,8.91,700
2026-04-03 09:30:00.850,20260403,93000850,000009.SZ,683369,2,0,9.13,3000
2026-04-03 09:30:00.870,20260403,93000870,000009.SZ,686082,2,0,8.84,6500
2026-04-03 09:30:00.900,20260403,93000900,000009.SZ,688615,2,0,9.1,200
2026-04-03 09:30:00.910,20260403,93000910,000009.SZ,689823,1,0,8.61,2500
2026-04-03 09:30:00.910,20260403,93000910,000009.SZ,689881,1,0,8.51,2500
2026-04-03 09:30:00.930,20260403,93000930,000009.SZ,691666,1,0,8.48,1500
2026-04-03 09:30:00.940,20260403,93000940,000009.SZ,692869,2,0,9.1,100
2026-04-03 09:30:00.940,20260403,93000940,000009.SZ,693618,1,0,8.68,400
2026-04-03 09:30:00.970,20260403,93000970,000009.SZ,698399,2,0,9.0,500
2026-04-03 09:30:00.970,20260403,93000970,000009.SZ,698617,1,0,8.68,1500
2026-04-03 09:30:00.980,20260403,93000980,000009.SZ,699684,1,0,8.6,500
2026-04-03 09:30:01.020,20260403,93001020,000009.SZ,704955,2,0,8.8,200
2026-04-03 09:30:01.020,20260403,93001020,000009.SZ,705140,2,0,9.53,276100
2026-04-03 09:30:01.030,20260403,93001030,000009.SZ,706481,2,0,8.99,600
2026-04-03 09:30:01.030,20260403,93001030,000009.SZ,706540,1,0,8.6,200
2026-04-03 09:30:01.050,20260403,93001050,000009.SZ,708335,1,0,8.66,900
2026-04-03 09:30:01.060,20260403,93001060,000009.SZ,709772,1,0,7.79,500
2026-04-03 09:30:01.080,20260403,93001080,000009.SZ,711172,2,0,8.93,900
2026-04-03 09:30:01.080,20260403,93001080,000009.SZ,711536,2,0,8.98,2500
2026-04-03 09:30:01.090,20260403,93001090,000009.SZ,712303,2,0,9.21,900
2026-04-03 09:30:01.090,20260403,93001090,000009.SZ,712520,2,0,9.52,3000
2026-04-03 09:30:01.110,20260403,93001110,000009.SZ,715290,1,0,8.44,2000
2026-04-03 09:30:01.120,20260403,93001120,000009.SZ,715842,2,0,8.84,2000
2026-04-03 09:30:01.130,20260403,93001130,000009.SZ,716861,2,0,8.95,500
2026-04-03 09:30:01.130,20260403,93001130,000009.SZ,717196,1,0,8.68,1300
2026-04-03 09:30:01.130,20260403,93001130,000009.SZ,717288,1,0,8.5,1000
2026-04-03 09:30:01.150,20260403,93001150,000009.SZ,718938,2,0,9.16,1000
2026-04-03 09:30:01.180,20260403,93001180,000009.SZ,721652,2,0,9.53,3300
2026-04-03 09:30:01.200,20260403,93001200,000009.SZ,723495,2,0,8.96,1000
2026-04-03 09:30:01.200,20260403,93001200,000009.SZ,723740,2,0,8.73,1000
2026-04-03 09:30:01.250,20260403,93001250,000009.SZ,727397,2,0,8.68,400
2026-04-03 09:30:01.260,20260403,93001260,000009.SZ,728127,1,0,8.5,1000
2026-04-03 09:30:01.280,20260403,93001280,000009.SZ,729494,1,0,8.62,1300
2026-04-03 09:30:01.280,20260403,93001280,000009.SZ,729574,2,0,8.68,100
2026-04-03 09:30:01.280,20260403,93001280,000009.SZ,729987,2,0,8.73,100
2026-04-03 09:30:01.300,20260403,93001300,000009.SZ,731275,1,0,8.6,500
2026-04-03 09:30:01.310,20260403,93001310,000009.SZ,731968,1,0,8.46,500
2026-04-03 09:30:01.310,20260403,93001310,000009.SZ,732378,1,0,8.43,200
2026-04-03 09:30:01.320,20260403,93001320,000009.SZ,733281,1,0,8.68,100
2026-04-03 09:30:01.340,20260403,93001340,000009.SZ,734863,2,0,9.53,2700
2026-04-03 09:30:01.350,20260403,93001350,000009.SZ,735922,1,0,8.62,700
2026-04-03 09:30:01.360,20260403,93001360,000009.SZ,737088,2,0,9.2,1000
2026-04-03 09:30:01.370,20260403,93001370,000009.SZ,737551,2,0,8.72,1000
2026-04-03 09:30:01.370,20260403,93001370,000009.SZ,738241,2,0,8.84,500
2026-04-03 09:30:01.400,20260403,93001400,000009.SZ,740303,1,0,8.5,2600
2026-04-03 09:30:01.400,20260403,93001400,000009.SZ,740683,2,0,8.72,5000
2026-04-03 09:30:01.460,20260403,93001460,000009.SZ,744698,2,0,8.85,1200
2026-04-03 09:30:01.540,20260403,93001540,000009.SZ,750727,2,0,9.15,800
2026-04-03 09:30:01.540,20260403,93001540,000009.SZ,750781,2,0,8.8,1100
2026-04-03 09:30:01.560,20260403,93001560,000009.SZ,752988,1,0,8.66,1000
2026-04-03 09:30:01.560,20260403,93001560,000009.SZ,753220,2,0,8.81,1300
2026-04-03 09:30:01.630,20260403,93001630,000009.SZ,758305,2,0,8.67,200
2026-04-03 09:30:01.640,20260403,93001640,000009.SZ,758654,2,0,8.67,1000
2026-04-03 09:30:01.640,20260403,93001640,000009.SZ,758778,2,0,9.53,18000
2026-04-03 09:30:01.650,20260403,93001650,000009.SZ,759575,2,0,9.08,7000
2026-04-03 09:30:01.680,20260403,93001680,000009.SZ,762172,2,1,0.0,700
2026-04-03 09:30:01.680,20260403,93001680,000009.SZ,762528,2,0,8.78,5100
2026-04-03 09:30:01.700,20260403,93001700,000009.SZ,765371,2,0,9.0,3000
2026-04-03 09:30:01.720,20260403,93001720,000009.SZ,766596,1,0,8.57,500
2026-04-03 09:30:01.760,20260403,93001760,000009.SZ,769749,2,0,8.89,5000
2026-04-03 09:30:01.770,20260403,93001770,000009.SZ,770634,2,0,8.8,2000
2026-04-03 09:30:01.790,20260403,93001790,000009.SZ,772048,2,0,9.52,500
2026-04-03 09:30:01.790,20260403,93001790,000009.SZ,772084,2,0,9.38,1500
2026-04-03 09:30:01.810,20260403,93001810,000009.SZ,772874,1,0,8.8,20000
2026-04-03 09:30:01.860,20260403,93001860,000009.SZ,776045,1,0,8.65,1000
2026-04-03 09:30:01.980,20260403,93001980,000009.SZ,785778,2,0,8.9,100
2026-04-03 09:30:01.980,20260403,93001980,000009.SZ,785855,1,0,8.02,100
2026-04-03 09:30:01.980,20260403,93001980,000009.SZ,786056,1,0,8.6,10000
2026-04-03 09:30:02.020,20260403,93002020,000009.SZ,790893,1,0,8.6,500
2026-04-03 09:30:02.030,20260403,93002030,000009.SZ,791098,1,0,8.5,1200
2026-04-03 09:30:02.090,20260403,93002090,000009.SZ,796085,2,0,8.74,5000
2026-04-03 09:30:02.110,20260403,93002110,000009.SZ,797765,1,0,7.81,500
2026-04-03 09:30:02.140,20260403,93002140,000009.SZ,799530,2,0,8.77,1000
2026-04-03 09:30:02.160,20260403,93002160,000009.SZ,801146,1,0,8.58,1100
2026-04-03 09:30:02.180,20260403,93002180,000009.SZ,802576,2,0,8.98,700
2026-04-03 09:30:02.220,20260403,93002220,000009.SZ,805497,2,0,8.83,18900
2026-04-03 09:30:02.230,20260403,93002230,000009.SZ,805937,2,0,9.53,100
2026-04-03 09:30:02.280,20260403,93002280,000009.SZ,808741,2,0,9.53,1900
2026-04-03 09:30:02.320,20260403,93002320,000009.SZ,810876,1,0,8.68,20000
2026-04-03 09:30:02.350,20260403,93002350,000009.SZ,813175,1,0,8.5,200
2026-04-03 09:30:02.360,20260403,93002360,000009.SZ,813387,2,0,9.0,500
2026-04-03 09:30:02.360,20260403,93002360,000009.SZ,813470,1,0,8.66,500
2026-04-03 09:30:02.390,20260403,93002390,000009.SZ,814874,1,0,8.55,500
2026-04-03 09:30:02.410,20260403,93002410,000009.SZ,816159,1,0,8.56,400
2026-04-03 09:30:02.410,20260403,93002410,000009.SZ,816251,2,0,9.2,400
2026-04-03 09:30:02.420,20260403,93002420,000009.SZ,816614,1,0,8.69,300
2026-04-03 09:30:02.420,20260403,93002420,000009.SZ,816666,1,0,8.68,1000
2026-04-03 09:30:02.430,20260403,93002430,000009.SZ,817482,2,0,9.14,600
2026-04-03 09:30:02.450,20260403,93002450,000009.SZ,818584,1,0,8.62,200
2026-04-03 09:30:02.490,20260403,93002490,000009.SZ,820665,2,0,8.75,500
2026-04-03 09:30:02.520,20260403,93002520,000009.SZ,821574,2,0,9.22,1200
2026-04-03 09:30:02.560,20260403,93002560,000009.SZ,823624,2,0,8.9,2000
2026-04-03 09:30:02.560,20260403,93002560,000009.SZ,823750,2,0,9.0,2000
2026-04-03 09:30:02.580,20260403,93002580,000009.SZ,825003,2,0,8.99,500
2026-04-03 09:30:02.610,20260403,93002610,000009.SZ,825874,2,0,8.99,300
2026-04-03 09:30:02.670,20260403,93002670,000009.SZ,829299,2,0,9.25,10000
2026-04-03 09:30:02.670,20260403,93002670,000009.SZ,829346,2,0,8.82,2000
2026-04-03 09:30:02.670,20260403,93002670,000009.SZ,829350,2,0,9.53,2000
2026-04-03 09:30:02.680,20260403,93002680,000009.SZ,829740,1,0,8.69,1300
2026-04-03 09:30:02.690,20260403,93002690,000009.SZ,830709,2,0,8.8,1000
2026-04-03 09:30:02.700,20260403,93002700,000009.SZ,830864,1,0,8.62,3000
2026-04-03 09:30:02.730,20260403,93002730,000009.SZ,832612,2,0,8.76,200
2026-04-03 09:30:02.740,20260403,93002740,000009.SZ,833152,1,0,8.66,5000
2026-04-03 09:30:02.770,20260403,93002770,000009.SZ,834777,2,0,8.79,1000
2026-04-03 09:30:02.810,20260403,93002810,000009.SZ,835815,2,0,9.29,1300
2026-04-03 09:30:02.820,20260403,93002820,000009.SZ,836101,2,0,8.9,400
2026-04-03 09:30:02.850,20260403,93002850,000009.SZ,837580,2,0,8.83,1600
2026-04-03 09:30:02.910,20260403,93002910,000009.SZ,840252,1,0,8.69,1900
2026-04-03 09:30:02.930,20260403,93002930,000009.SZ,840727,2,0,8.86,1000
2026-04-03 09:30:02.960,20260403,93002960,000009.SZ,842368,2,0,9.19,1100
2026-04-03 09:30:02.980,20260403,93002980,000009.SZ,843760,2,0,8.78,10000
2026-04-03 09:30:02.980,20260403,93002980,000009.SZ,843887,2,0,9.3,700
2026-04-03 09:30:03.010,20260403,93003010,000009.SZ,845769,1,0,8.61,7700
2026-04-03 09:30:03.020,20260403,93003020,000009.SZ,846652,2,0,9.22,1000
2026-04-03 09:30:03.040,20260403,93003040,000009.SZ,848093,2,0,9.53,100
2026-04-03 09:30:03.110,20260403,93003110,000009.SZ,850996,2,0,8.88,600
2026-04-03 09:30:03.120,20260403,93003120,000009.SZ,851583,1,0,8.66,1000
2026-04-03 09:30:03.150,20260403,93003150,000009.SZ,852671,2,0,9.18,4000
2026-04-03 09:30:03.160,20260403,93003160,000009.SZ,853354,1,0,8.7,300
2026-04-03 09:30:03.170,20260403,93003170,000009.SZ,853997,2,0,8.7,100
2026-04-03 09:30:03.170,20260403,93003170,000009.SZ,854021,2,0,8.7,100
2026-04-03 09:30:03.180,20260403,93003180,000009.SZ,855091,1,0,8.5,400
2026-04-03 09:30:03.200,20260403,93003200,000009.SZ,856021,1,0,8.69,300
2026-04-03 09:30:03.200,20260403,93003200,000009.SZ,856318,1,0,8.71,300
2026-04-03 09:30:03.230,20260403,93003230,000009.SZ,858074,1,0,8.7,300
2026-04-03 09:30:03.240,20260403,93003240,000009.SZ,858182,1,0,8.71,600
2026-04-03 09:30:03.240,20260403,93003240,000009.SZ,858230,1,0,8.71,300
2026-04-03 09:30:03.240,20260403,93003240,000009.SZ,858276,1,0,8.71,600
2026-04-03 09:30:03.240,20260403,93003240,000009.SZ,858380,2,0,8.84,2000
2026-04-03 09:30:03.240,20260403,93003240,000009.SZ,858464,2,0,8.81,30000
2026-04-03 09:30:03.250,20260403,93003250,000009.SZ,858512,2,0,8.7,100
2026-04-03 09:30:03.250,20260403,93003250,000009.SZ,858587,1,0,8.61,2000
2026-04-03 09:30:03.250,20260403,93003250,000009.SZ,858620,2,0,8.68,1600
2026-04-03 09:30:03.260,20260403,93003260,000009.SZ,858988,1,0,8.71,4700
2026-04-03 09:30:03.280,20260403,93003280,000009.SZ,859668,2,0,8.78,4000
2026-04-03 09:30:03.310,20260403,93003310,000009.SZ,861049,2,0,8.96,12700
2026-04-03 09:30:03.350,20260403,93003350,000009.SZ,862653,2,0,8.98,500
2026-04-03 09:30:03.570,20260403,93003570,000009.SZ,872188,2,0,8.67,200
2026-04-03 09:30:03.580,20260403,93003580,000009.SZ,872672,2,0,8.95,2000
2026-04-03 09:30:03.620,20260403,93003620,000009.SZ,874081,1,0,8.68,23100
2026-04-03 09:30:03.650,20260403,93003650,000009.SZ,875805,2,0,9.2,4300
2026-04-03 09:30:03.660,20260403,93003660,000009.SZ,876181,2,0,8.99,100
2026-04-03 09:30:03.690,20260403,93003690,000009.SZ,878769,2,0,9.5,5000
2026-04-03 09:30:03.710,20260403,93003710,000009.SZ,879861,2,0,8.89,11600
2026-04-03 09:30:03.740,20260403,93003740,000009.SZ,881537,1,0,8.56,300
2026-04-03 09:30:03.770,20260403,93003770,000009.SZ,882861,2,0,8.72,100
2026-04-03 09:30:03.770,20260403,93003770,000009.SZ,882920,2,0,8.79,4000
2026-04-03 09:30:03.800,20260403,93003800,000009.SZ,883491,2,0,8.72,100
2026-04-03 09:30:03.900,20260403,93003900,000009.SZ,886908,1,0,8.37,2000
2026-04-03 09:30:03.940,20260403,93003940,000009.SZ,888804,2,1,0.0,400
2026-04-03 09:30:04.040,20260403,93004040,000009.SZ,894084,2,0,8.78,300
2026-04-03 09:30:04.050,20260403,93004050,000009.SZ,894177,2,0,9.53,800
2026-04-03 09:30:04.070,20260403,93004070,000009.SZ,895142,2,0,8.9,2000
2026-04-03 09:30:04.250,20260403,93004250,000009.SZ,901993,2,0,8.9,1000
2026-04-03 09:30:04.430,20260403,93004430,000009.SZ,908254,2,0,8.78,200
2026-04-03 09:30:04.540,20260403,93004540,000009.SZ,912167,1,0,8.6,100
2026-04-03 09:30:04.710,20260403,93004710,000009.SZ,918684,2,0,8.73,1000
2026-04-03 09:30:04.710,20260403,93004710,000009.SZ,918780,1,0,8.73,3700
2026-04-03 09:30:04.720,20260403,93004720,000009.SZ,919141,1,0,8.68,3000
2026-04-03 09:30:04.790,20260403,93004790,000009.SZ,920882,1,0,8.73,4200
2026-04-03 09:30:04.870,20260403,93004870,000009.SZ,922807,2,0,8.62,1000
2026-04-03 09:30:04.880,20260403,93004880,000009.SZ,923098,2,0,8.76,1200
2026-04-03 09:30:04.930,20260403,93004930,000009.SZ,924059,1,0,8.41,500
2026-04-03 09:30:05.010,20260403,93005010,000009.SZ,926609,1,0,8.53,1000
2026-04-03 09:30:05.010,20260403,93005010,000009.SZ,926617,2,0,9.28,200
2026-04-03 09:30:05.010,20260403,93005010,000009.SZ,926804,1,0,8.66,1000
2026-04-03 09:30:05.040,20260403,93005040,000009.SZ,928206,2,0,9.13,500
2026-04-03 09:30:05.040,20260403,93005040,000009.SZ,928422,2,0,9.23,500
2026-04-03 09:30:05.040,20260403,93005040,000009.SZ,928434,2,0,9.33,600
2026-04-03 09:30:05.310,20260403,93005310,000009.SZ,934467,1,0,8.66,1000
2026-04-03 09:30:05.350,20260403,93005350,000009.SZ,935263,2,0,8.68,100
2026-04-03 09:30:05.440,20260403,93005440,000009.SZ,936886,1,0,8.51,2000
2026-04-03 09:30:05.510,20260403,93005510,000009.SZ,938124,1,0,8.7,1300
2026-04-03 09:30:05.570,20260403,93005570,000009.SZ,939594,2,0,9.1,10000
2026-04-03 09:30:05.610,20260403,93005610,000009.SZ,940482,1,0,8.59,19500
2026-04-03 09:30:05.660,20260403,93005660,000009.SZ,941613,2,0,9.13,5100
2026-04-03 09:30:05.810,20260403,93005810,000009.SZ,944710,2,0,9.2,5000
2026-04-03 09:30:05.860,20260403,93005860,000009.SZ,945560,2,0,8.72,500
2026-04-03 09:30:05.860,20260403,93005860,000009.SZ,945652,2,0,8.78,15000
2026-04-03 09:30:05.880,20260403,93005880,000009.SZ,945938,1,0,8.58,300
2026-04-03 09:30:06.240,20260403,93006240,000009.SZ,955762,2,0,9.25,6000
2026-04-03 09:30:06.260,20260403,93006260,000009.SZ,956232,2,0,8.71,300
2026-04-03 09:30:06.530,20260403,93006530,000009.SZ,963228,2,0,8.89,1000
2026-04-03 09:30:06.640,20260403,93006640,000009.SZ,966814,1,0,8.74,200
2026-04-03 09:30:06.690,20260403,93006690,000009.SZ,968350,2,0,8.88,300
2026-04-03 09:30:06.830,20260403,93006830,000009.SZ,972193,1,0,8.41,100
2026-04-03 09:30:06.920,20260403,93006920,000009.SZ,973896,1,0,8.62,2000
2026-04-03 09:30:07.020,20260403,93007020,000009.SZ,976405,2,0,8.77,1000
2026-04-03 09:30:07.520,20260403,93007520,000009.SZ,988229,2,0,8.73,100
2026-04-03 09:30:07.530,20260403,93007530,000009.SZ,988367,2,0,8.72,200
2026-04-03 09:30:07.600,20260403,93007600,000009.SZ,990746,2,0,9.0,200
2026-04-03 09:30:07.880,20260403,93007880,000009.SZ,997546,1,0,8.71,2000
2026-04-03 09:30:07.920,20260403,93007920,000009.SZ,998162,1,0,8.71,100
2026-04-03 09:30:08.050,20260403,93008050,000009.SZ,1002183,2,0,8.92,100
2026-04-03 09:30:08.090,20260403,93008090,000009.SZ,1003048,1,0,8.57,5000
2026-04-03 09:30:08.090,20260403,93008090,000009.SZ,1003062,2,0,8.71,1200
2026-04-03 09:30:08.190,20260403,93008190,000009.SZ,1004369,2,0,8.88,4200
2026-04-03 09:30:08.640,20260403,93008640,000009.SZ,1010167,2,0,8.71,100
2026-04-03 09:30:08.650,20260403,93008650,000009.SZ,1010254,1,0,8.71,200
2026-04-03 09:30:08.810,20260403,93008810,000009.SZ,1012642,1,0,8.39,400
2026-04-03 09:30:08.890,20260403,93008890,000009.SZ,1014583,2,0,8.68,200
2026-04-03 09:30:09.050,20260403,93009050,000009.SZ,1017060,2,0,8.79,1000
2026-04-03 09:30:09.080,20260403,93009080,000009.SZ,1017389,2,0,9.5,500
2026-04-03 09:30:09.150,20260403,93009150,000009.SZ,1018086,2,0,8.73,600
2026-04-03 09:30:09.170,20260403,93009170,000009.SZ,1018583,2,0,8.7,100
2026-04-03 09:30:09.220,20260403,93009220,000009.SZ,1020469,2,0,8.71,600
2026-04-03 09:30:09.250,20260403,93009250,000009.SZ,1020869,2,0,9.0,1000
2026-04-03 09:30:09.750,20260403,93009750,000009.SZ,1033654,1,0,8.7,100
2026-04-03 09:30:09.810,20260403,93009810,000009.SZ,1034745,2,0,9.25,400
2026-04-03 09:30:09.820,20260403,93009820,000009.SZ,1034874,2,0,9.14,1000
2026-04-03 09:30:10.230,20260403,93010230,000009.SZ,1041850,1,0,8.6,100
2026-04-03 09:30:10.560,20260403,93010560,000009.SZ,1050820,1,0,8.73,2000
2026-04-03 09:30:10.710,20260403,93010710,000009.SZ,1054232,2,0,8.88,7800
2026-04-03 09:30:10.750,20260403,93010750,000009.SZ,1055107,2,0,8.78,200
2026-04-03 09:30:11.110,20260403,93011110,000009.SZ,1060598,2,0,9.5,8000
2026-04-03 09:30:11.390,20260403,93011390,000009.SZ,1063587,2,0,8.72,1200
2026-04-03 09:30:11.680,20260403,93011680,000009.SZ,1066483,2,0,8.69,1200
2026-04-03 09:30:12.110,20260403,93012110,000009.SZ,1071065,2,0,8.71,300
2026-04-03 09:30:12.210,20260403,93012210,000009.SZ,1072293,2,0,8.7,100
2026-04-03 09:30:12.210,20260403,93012210,000009.SZ,1072580,1,0,8.71,100
2026-04-03 09:30:12.220,20260403,93012220,000009.SZ,1072985,1,0,8.71,100
2026-04-03 09:30:12.320,20260403,93012320,000009.SZ,1075474,2,0,8.72,400
2026-04-03 09:30:12.570,20260403,93012570,000009.SZ,1081807,1,0,8.72,500
2026-04-03 09:30:12.740,20260403,93012740,000009.SZ,1084534,2,0,8.73,1300
2026-04-03 09:30:12.900,20260403,93012900,000009.SZ,1087160,2,0,8.72,400
2026-04-03 09:30:13.410,20260403,93013410,000009.SZ,1096819,2,0,9.09,1000
2026-04-03 09:30:13.790,20260403,93013790,000009.SZ,1104216,1,0,8.71,100
2026-04-03 09:30:13.960,20260403,93013960,000009.SZ,1106121,2,0,8.9,500
2026-04-03 09:30:14.100,20260403,93014100,000009.SZ,1107944,1,0,8.7,400
2026-04-03 09:30:14.160,20260403,93014160,000009.SZ,1108584,2,0,8.71,700
2026-04-03 09:30:14.170,20260403,93014170,000009.SZ,1108848,1,0,8.68,100
2026-04-03 09:30:14.220,20260403,93014220,000009.SZ,1109509,2,0,8.72,100
2026-04-03 09:30:14.660,20260403,93014660,000009.SZ,1114520,1,0,8.71,300
2026-04-03 09:30:14.730,20260403,93014730,000009.SZ,1115017,2,0,8.87,12200
2026-04-03 09:30:14.880,20260403,93014880,000009.SZ,1116832,1,0,8.71,300
2026-04-03 09:30:14.890,20260403,93014890,000009.SZ,1116902,1,0,8.71,100
2026-04-03 09:30:14.890,20260403,93014890,000009.SZ,1116962,1,0,8.71,1200
2026-04-03 09:30:14.900,20260403,93014900,000009.SZ,1117167,1,0,8.71,300
2026-04-03 09:30:14.910,20260403,93014910,000009.SZ,1117315,1,0,8.71,200
2026-04-03 09:30:15.090,20260403,93015090,000009.SZ,1119128,2,0,8.86,1000
2026-04-03 09:30:15.120,20260403,93015120,000009.SZ,1119442,1,0,8.72,500
2026-04-03 09:30:15.210,20260403,93015210,000009.SZ,1121732,2,0,8.71,300
2026-04-03 09:30:15.210,20260403,93015210,000009.SZ,1121734,2,0,8.71,100
2026-04-03 09:30:15.210,20260403,93015210,000009.SZ,1121736,2,0,8.71,100
2026-04-03 09:30:15.210,20260403,93015210,000009.SZ,1121743,2,0,8.71,300
2026-04-03 09:30:15.210,20260403,93015210,000009.SZ,1121748,2,0,8.71,300
2026-04-03 09:30:15.210,20260403,93015210,000009.SZ,1121764,2,0,8.71,100
2026-04-03 09:30:15.210,20260403,93015210,000009.SZ,1121766,2,0,8.71,100
2026-04-03 09:30:15.210,20260403,93015210,000009.SZ,1121770,2,0,8.71,400
2026-04-03 09:30:15.220,20260403,93015220,000009.SZ,1121780,2,0,8.71,400
2026-04-03 09:30:15.220,20260403,93015220,000009.SZ,1121822,2,0,8.71,200
2026-04-03 09:30:15.220,20260403,93015220,000009.SZ,1121832,2,0,8.71,200
2026-04-03 09:30:15.220,20260403,93015220,000009.SZ,1121846,2,0,8.71,100
2026-04-03 09:30:15.220,20260403,93015220,000009.SZ,1121853,2,0,8.71,100
2026-04-03 09:30:15.220,20260403,93015220,000009.SZ,1121872,2,0,8.71,100
2026-04-03 09:30:15.230,20260403,93015230,000009.SZ,1122066,2,0,8.71,300
2026-04-03 09:30:15.240,20260403,93015240,000009.SZ,1122321,2,0,8.71,200
2026-04-03 09:30:15.250,20260403,93015250,000009.SZ,1122600,2,0,8.71,600
2026-04-03 09:30:15.340,20260403,93015340,000009.SZ,1124019,2,0,9.53,23600
2026-04-03 09:30:15.670,20260403,93015670,000009.SZ,1131403,1,0,8.71,100
2026-04-03 09:30:15.770,20260403,93015770,000009.SZ,1133308,2,0,8.81,4000
2026-04-03 09:30:15.850,20260403,93015850,000009.SZ,1134642,2,0,8.71,700
2026-04-03 09:30:15.950,20260403,93015950,000009.SZ,1136065,1,0,8.6,100
2026-04-03 09:30:16.140,20260403,93016140,000009.SZ,1138299,1,0,8.71,400
2026-04-03 09:30:17.030,20260403,93017030,000009.SZ,1154102,1,0,8.72,1300
2026-04-03 09:30:17.230,20260403,93017230,000009.SZ,1156160,2,0,8.72,400
2026-04-03 09:30:17.500,20260403,93017500,000009.SZ,1159035,2,0,8.71,3000
2026-04-03 09:30:17.780,20260403,93017780,000009.SZ,1161837,2,0,9.3,200
2026-04-03 09:30:17.820,20260403,93017820,000009.SZ,1162184,1,0,8.71,2000
2026-04-03 09:30:18.160,20260403,93018160,000009.SZ,1166517,1,0,8.7,100
2026-04-03 09:30:18.160,20260403,93018160,000009.SZ,1166578,1,0,8.7,100
2026-04-03 09:30:18.200,20260403,93018200,000009.SZ,1167400,2,0,8.72,2500
2026-04-03 09:30:18.210,20260403,93018210,000009.SZ,1167725,2,0,8.7,100
2026-04-03 09:30:18.240,20260403,93018240,000009.SZ,1168738,1,0,8.71,100
2026-04-03 09:30:18.240,20260403,93018240,000009.SZ,1168741,1,0,8.71,100
2026-04-03 09:30:18.260,20260403,93018260,000009.SZ,1169313,1,0,8.71,100
2026-04-03 09:30:18.350,20260403,93018350,000009.SZ,1170766,1,0,8.71,100
2026-04-03 09:30:18.840,20260403,93018840,000009.SZ,1179916,1,0,8.71,500
2026-04-03 09:30:18.850,20260403,93018850,000009.SZ,1179953,1,0,8.71,200
2026-04-03 09:30:18.850,20260403,93018850,000009.SZ,1179957,1,0,8.71,300
2026-04-03 09:30:18.850,20260403,93018850,000009.SZ,1179990,1,0,8.71,300
2026-04-03 09:30:19.230,20260403,93019230,000009.SZ,1185306,1,0,8.71,200
2026-04-03 09:30:19.240,20260403,93019240,000009.SZ,1185444,1,0,8.7,2600
2026-04-03 09:30:19.560,20260403,93019560,000009.SZ,1192138,2,0,8.71,100
2026-04-03 09:30:19.870,20260403,93019870,000009.SZ,1196601,2,0,8.92,200
2026-04-03 09:30:20.340,20260403,93020340,000009.SZ,1201817,2,0,8.7,100
2026-04-03 09:30:20.350,20260403,93020350,000009.SZ,1201939,2,0,8.7,100
2026-04-03 09:30:20.380,20260403,93020380,000009.SZ,1202236,2,0,8.76,1000
2026-04-03 09:30:20.390,20260403,93020390,000009.SZ,1202343,2,0,8.71,400
2026-04-03 09:30:20.430,20260403,93020430,000009.SZ,1202746,2,0,8.7,100
2026-04-03 09:30:20.530,20260403,93020530,000009.SZ,1204050,1,0,8.71,100
2026-04-03 09:30:20.550,20260403,93020550,000009.SZ,1204287,1,0,8.71,100
2026-04-03 09:30:20.590,20260403,93020590,000009.SZ,1204610,2,0,8.7,100
2026-04-03 09:30:20.590,20260403,93020590,000009.SZ,1204644,2,0,8.7,100
2026-04-03 09:30:20.710,20260403,93020710,000009.SZ,1205842,1,0,8.71,100
2026-04-03 09:30:20.740,20260403,93020740,000009.SZ,1206152,1,0,8.71,100
2026-04-03 09:30:20.800,20260403,93020800,000009.SZ,1206635,2,0,8.76,2000
2026-04-03 09:30:21.000,20260403,93021000,000009.SZ,1208896,2,0,8.71,600
2026-04-03 09:30:21.200,20260403,93021200,000009.SZ,1211103,2,0,8.71,100
2026-04-03 09:30:21.200,20260403,93021200,000009.SZ,1211109,2,0,8.71,100
2026-04-03 09:30:21.200,20260403,93021200,000009.SZ,1211252,1,0,8.71,100
2026-04-03 09:30:21.200,20260403,93021200,000009.SZ,1211254,1,0,8.71,200
2026-04-03 09:30:21.200,20260403,93021200,000009.SZ,1211258,1,0,8.71,300
2026-04-03 09:30:21.200,20260403,93021200,000009.SZ,1211265,1,0,8.71,100
2026-04-03 09:30:21.200,20260403,93021200,000009.SZ,1211268,1,0,8.71,100
2026-04-03 09:30:21.200,20260403,93021200,000009.SZ,1211270,1,0,8.71,100
2026-04-03 09:30:21.200,20260403,93021200,000009.SZ,1211272,1,0,8.71,100
2026-04-03 09:30:21.200,20260403,93021200,000009.SZ,1211276,1,0,8.71,200
2026-04-03 09:30:21.220,20260403,93021220,000009.SZ,1211487,1,0,8.71,200
2026-04-03 09:30:22.050,20260403,93022050,000009.SZ,1226236,2,0,9.0,200
2026-04-03 09:30:22.210,20260403,93022210,000009.SZ,1228696,2,0,9.0,2000
2026-04-03 09:30:22.250,20260403,93022250,000009.SZ,1229540,2,0,8.73,600
2026-04-03 09:30:22.270,20260403,93022270,000009.SZ,1230315,1,0,8.72,2000
2026-04-03 09:30:22.510,20260403,93022510,000009.SZ,1234873,2,0,8.71,100
2026-04-03 09:30:23.140,20260403,93023140,000009.SZ,1243213,1,0,8.71,12300
2026-04-03 09:30:23.190,20260403,93023190,000009.SZ,1243614,2,0,8.66,100
2026-04-03 09:30:23.640,20260403,93023640,000009.SZ,1248533,2,0,9.1,500
2026-04-03 09:30:24.150,20260403,93024150,000009.SZ,1253136,2,0,8.72,100
2026-04-03 09:30:24.210,20260403,93024210,000009.SZ,1254381,2,0,8.72,100
2026-04-03 09:30:24.320,20260403,93024320,000009.SZ,1256514,2,0,8.71,3000
2026-04-03 09:30:24.580,20260403,93024580,000009.SZ,1262820,1,0,8.63,1000
2026-04-03 09:30:25.300,20260403,93025300,000009.SZ,1273715,1,0,8.74,1700
2026-04-03 09:30:25.380,20260403,93025380,000009.SZ,1275702,1,0,8.71,2000
2026-04-03 09:30:25.640,20260403,93025640,000009.SZ,1281021,1,0,8.74,2000
2026-04-03 09:30:25.810,20260403,93025810,000009.SZ,1283344,1,0,8.6,1000
2026-04-03 09:30:26.650,20260403,93026650,000009.SZ,1293116,1,0,8.68,1000
2026-04-03 09:30:26.700,20260403,93026700,000009.SZ,1293670,2,0,9.18,3000
2026-04-03 09:30:27.170,20260403,93027170,000009.SZ,1298568,1,0,8.71,100
2026-04-03 09:30:27.200,20260403,93027200,000009.SZ,1299379,1,0,8.72,2000
2026-04-03 09:30:27.430,20260403,93027430,000009.SZ,1303064,1,0,8.5,1000
2026-04-03 09:30:27.640,20260403,93027640,000009.SZ,1306589,1,0,8.78,20000
2026-04-03 09:30:27.880,20260403,93027880,000009.SZ,1310742,2,0,8.74,600
2026-04-03 09:30:29.200,20260403,93029200,000009.SZ,1330563,1,0,8.73,3400
2026-04-03 09:30:29.770,20260403,93029770,000009.SZ,1337406,2,0,8.99,1700
2026-04-03 09:30:29.790,20260403,93029790,000009.SZ,1337555,2,0,8.72,300
2026-04-03 09:30:30.190,20260403,93030190,000009.SZ,1342863,1,0,8.74,100
2026-04-03 09:30:30.260,20260403,93030260,000009.SZ,1344722,1,0,8.76,6500
2026-04-03 09:30:30.430,20260403,93030430,000009.SZ,1348538,1,0,8.74,2000
2026-04-03 09:30:30.430,20260403,93030430,000009.SZ,1348542,1,0,8.74,1500
2026-04-03 09:30:30.470,20260403,93030470,000009.SZ,1349191,1,0,8.74,3500
2026-04-03 09:30:30.540,20260403,93030540,000009.SZ,1350260,2,1,0.0,1500
2026-04-03 09:30:30.680,20260403,93030680,000009.SZ,1353601,2,0,9.3,300
2026-04-03 09:30:30.700,20260403,93030700,000009.SZ,1353805,1,0,8.74,3500
2026-04-03 09:30:31.010,20260403,93031010,000009.SZ,1358994,1,0,8.7,1000
2026-04-03 09:30:31.550,20260403,93031550,000009.SZ,1369340,1,0,8.76,5800
2026-04-03 09:30:31.860,20260403,93031860,000009.SZ,1374706,1,1,0.0,600
2026-04-03 09:30:32.250,20260403,93032250,000009.SZ,1379592,1,0,8.83,1200
2026-04-03 09:30:32.370,20260403,93032370,000009.SZ,1380843,1,0,8.74,7800
2026-04-03 09:30:32.430,20260403,93032430,000009.SZ,1381505,1,0,8.74,2200
2026-04-03 09:30:32.650,20260403,93032650,000009.SZ,1384177,1,0,8.74,100
2026-04-03 09:30:32.660,20260403,93032660,000009.SZ,1384250,1,0,8.74,100
2026-04-03 09:30:33.030,20260403,93033030,000009.SZ,1387902,1,0,8.73,100
2026-04-03 09:30:33.150,20260403,93033150,000009.SZ,1389482,1,0,7.8,200
2026-04-03 09:30:33.150,20260403,93033150,000009.SZ,1389483,1,0,8.34,100
2026-04-03 09:30:33.150,20260403,93033150,000009.SZ,1389484,1,0,8.08,100
2026-04-03 09:30:33.150,20260403,93033150,000009.SZ,1389485,1,0,8.1,100
2026-04-03 09:30:33.150,20260403,93033150,000009.SZ,1389489,1,0,8.3,100
2026-04-03 09:30:33.150,20260403,93033150,000009.SZ,1389490,1,0,8.22,100
2026-04-03 09:30:33.150,20260403,93033150,000009.SZ,1389491,1,0,8.49,100
2026-04-03 09:30:33.150,20260403,93033150,000009.SZ,1389493,1,0,8.4,100
2026-04-03 09:30:33.150,20260403,93033150,000009.SZ,1389494,1,0,8.14,100
2026-04-03 09:30:33.150,20260403,93033150,000009.SZ,1389497,1,0,8.06,100
2026-04-03 09:30:33.150,20260403,93033150,000009.SZ,1389501,1,0,8.41,100
2026-04-03 09:30:33.150,20260403,93033150,000009.SZ,1389504,1,0,8.27,100
2026-04-03 09:30:33.150,20260403,93033150,000009.SZ,1389507,1,0,8.17,100
2026-04-03 09:30:33.150,20260403,93033150,000009.SZ,1389510,1,0,8.26,100
2026-04-03 09:30:33.150,20260403,93033150,000009.SZ,1389511,1,0,8.15,100
2026-04-03 09:30:33.150,20260403,93033150,000009.SZ,1389512,1,0,8.2,100
2026-04-03 09:30:33.150,20260403,93033150,000009.SZ,1389525,1,0,8.38,100
2026-04-03 09:30:33.150,20260403,93033150,000009.SZ,1389631,1,0,8.31,100
2026-04-03 09:30:33.150,20260403,93033150,000009.SZ,1389662,1,0,8.45,100
2026-04-03 09:30:33.160,20260403,93033160,000009.SZ,1390032,1,0,8.04,100
2026-04-03 09:30:33.160,20260403,93033160,000009.SZ,1390036,1,0,8.47,100
2026-04-03 09:30:33.190,20260403,93033190,000009.SZ,1391024,1,0,8.75,300
2026-04-03 09:30:33.190,20260403,93033190,000009.SZ,1391256,1,0,8.35,100
2026-04-03 09:30:33.200,20260403,93033200,000009.SZ,1391538,1,0,8.75,4100
2026-04-03 09:30:33.200,20260403,93033200,000009.SZ,1391544,1,0,8.75,4000
2026-04-03 09:30:33.200,20260403,93033200,000009.SZ,1391573,1,0,8.75,100
2026-04-03 09:30:33.210,20260403,93033210,000009.SZ,1391606,1,0,8.75,2000
2026-04-03 09:30:33.230,20260403,93033230,000009.SZ,1392135,1,0,8.75,2600
2026-04-03 09:30:33.280,20260403,93033280,000009.SZ,1392799,2,0,8.71,2000
2026-04-03 09:30:33.420,20260403,93033420,000009.SZ,1396070,1,0,8.74,100
2026-04-03 09:30:33.460,20260403,93033460,000009.SZ,1396692,1,0,8.17,100
2026-04-03 09:30:33.460,20260403,93033460,000009.SZ,1396811,1,0,8.73,1100
2026-04-03 09:30:33.570,20260403,93033570,000009.SZ,1398421,1,0,8.78,1200
2026-04-03 09:30:33.620,20260403,93033620,000009.SZ,1399692,2,0,8.75,1500
2026-04-03 09:30:33.840,20260403,93033840,000009.SZ,1404426,2,0,8.72,20000
2026-04-03 09:30:33.880,20260403,93033880,000009.SZ,1405483,1,0,8.74,500
2026-04-03 09:30:33.920,20260403,93033920,000009.SZ,1406736,1,0,8.74,100
2026-04-03 09:30:33.970,20260403,93033970,000009.SZ,1408147,2,0,8.8,2000
2026-04-03 09:30:34.010,20260403,93034010,000009.SZ,1409494,2,0,8.73,100
2026-04-03 09:30:34.130,20260403,93034130,000009.SZ,1412573,1,0,8.74,600
2026-04-03 09:30:34.460,20260403,93034460,000009.SZ,1420050,1,0,8.74,200
2026-04-03 09:30:34.680,20260403,93034680,000009.SZ,1424326,2,0,8.73,3000
2026-04-03 09:30:35.060,20260403,93035060,000009.SZ,1431107,2,0,9.3,500
2026-04-03 09:30:35.420,20260403,93035420,000009.SZ,1436283,1,0,8.74,100
2026-04-03 09:30:35.490,20260403,93035490,000009.SZ,1437194,1,0,8.74,100
2026-04-03 09:30:35.490,20260403,93035490,000009.SZ,1437202,1,0,8.74,300
2026-04-03 09:30:35.500,20260403,93035500,000009.SZ,1437350,1,0,8.75,200
2026-04-03 09:30:35.500,20260403,93035500,000009.SZ,1437353,1,0,8.75,400
2026-04-03 09:30:35.510,20260403,93035510,000009.SZ,1437538,1,0,8.74,100
2026-04-03 09:30:35.520,20260403,93035520,000009.SZ,1437583,1,0,8.74,100
2026-04-03 09:30:35.520,20260403,93035520,000009.SZ,1437585,1,0,8.74,100
2026-04-03 09:30:35.530,20260403,93035530,000009.SZ,1437799,1,0,8.74,200
2026-04-03 09:30:35.530,20260403,93035530,000009.SZ,1437803,1,0,8.74,100
2026-04-03 09:30:35.700,20260403,93035700,000009.SZ,1439789,2,0,8.73,800
2026-04-03 09:30:35.810,20260403,93035810,000009.SZ,1441269,2,0,8.73,2000
2026-04-03 09:30:35.940,20260403,93035940,000009.SZ,1444302,1,0,8.77,7900
2026-04-03 09:30:35.960,20260403,93035960,000009.SZ,1444713,1,0,8.75,5200
2026-04-03 09:30:35.980,20260403,93035980,000009.SZ,1444975,1,0,8.75,900
2026-04-03 09:30:35.990,20260403,93035990,000009.SZ,1445115,1,0,8.75,13700
2026-04-03 09:30:35.990,20260403,93035990,000009.SZ,1445128,1,0,8.75,700
2026-04-03 09:30:36.040,20260403,93036040,000009.SZ,1445903,1,0,8.75,100
2026-04-03 09:30:36.050,20260403,93036050,000009.SZ,1446094,1,0,8.74,5600
2026-04-03 09:30:36.150,20260403,93036150,000009.SZ,1447986,1,0,8.75,900
2026-04-03 09:30:36.150,20260403,93036150,000009.SZ,1447988,1,0,8.75,500
2026-04-03 09:30:36.150,20260403,93036150,000009.SZ,1447990,1,0,7.8,200
2026-04-03 09:30:36.150,20260403,93036150,000009.SZ,1447993,1,0,8.75,100
2026-04-03 09:30:36.150,20260403,93036150,000009.SZ,1447998,1,0,8.75,100
2026-04-03 09:30:36.150,20260403,93036150,000009.SZ,1448002,1,0,8.75,300
2026-04-03 09:30:36.150,20260403,93036150,000009.SZ,1448011,2,0,8.74,100
2026-04-03 09:30:36.170,20260403,93036170,000009.SZ,1448531,1,0,8.75,100
2026-04-03 09:30:36.210,20260403,93036210,000009.SZ,1449364,2,0,8.74,5000
2026-04-03 09:30:36.290,20260403,93036290,000009.SZ,1451522,1,0,8.75,3900
2026-04-03 09:30:36.300,20260403,93036300,000009.SZ,1451788,1,0,8.74,4400
2026-04-03 09:30:36.440,20260403,93036440,000009.SZ,1454683,1,0,8.73,1800
2026-04-03 09:30:36.440,20260403,93036440,000009.SZ,1454684,1,0,8.72,800
2026-04-03 09:30:36.440,20260403,93036440,000009.SZ,1454693,1,0,8.72,1700
2026-04-03 09:30:36.440,20260403,93036440,000009.SZ,1454698,1,0,8.72,1700
2026-04-03 09:30:36.440,20260403,93036440,000009.SZ,1454699,1,0,8.72,300
2026-04-03 09:30:36.450,20260403,93036450,000009.SZ,1454847,1,0,8.73,1800
2026-04-03 09:30:36.450,20260403,93036450,000009.SZ,1454849,1,0,8.73,300
2026-04-03 09:30:36.450,20260403,93036450,000009.SZ,1454852,1,0,8.73,200
2026-04-03 09:30:36.450,20260403,93036450,000009.SZ,1454853,1,0,8.73,300
2026-04-03 09:30:36.450,20260403,93036450,000009.SZ,1454854,1,0,8.73,300
2026-04-03 09:30:36.450,20260403,93036450,000009.SZ,1454874,1,0,8.72,400
2026-04-03 09:30:36.450,20260403,93036450,000009.SZ,1454875,1,0,8.72,600
2026-04-03 09:30:36.450,20260403,93036450,000009.SZ,1454880,1,0,8.72,7100
2026-04-03 09:30:36.450,20260403,93036450,000009.SZ,1454881,1,0,8.72,300
2026-04-03 09:30:36.450,20260403,93036450,000009.SZ,1455045,1,0,8.72,7100
2026-04-03 09:30:36.460,20260403,93036460,000009.SZ,1455392,1,0,8.72,1800
