timestamp,date,stamp,code,order_no,bs_flag,order_type,order_price,order_volume
2026-03-30 09:15:00.030,20260330,91500030,000009.SZ,831,1,0,9.1,1500
2026-03-30 09:15:00.030,20260330,91500030,000009.SZ,1240,2,0,9.5,100
2026-03-30 09:15:00.030,20260330,91500030,000009.SZ,1272,2,0,9.9,100
2026-03-30 09:15:00.040,20260330,91500040,000009.SZ,1789,1,0,8.77,2000
2026-03-30 09:15:00.040,20260330,91500040,000009.SZ,1886,2,0,9.33,2000
2026-03-30 09:15:00.040,20260330,91500040,000009.SZ,1957,2,0,9.85,100
2026-03-30 09:15:00.040,20260330,91500040,000009.SZ,2024,2,0,10.0,100
2026-03-30 09:15:00.040,20260330,91500040,000009.SZ,2420,2,0,9.25,100
2026-03-30 09:15:00.040,20260330,91500040,000009.SZ,2993,2,0,10.01,100
2026-03-30 09:15:00.040,20260330,91500040,000009.SZ,3026,2,0,9.95,100
2026-03-30 09:15:00.040,20260330,91500040,000009.SZ,3061,2,0,9.89,100
2026-03-30 09:15:00.040,20260330,91500040,000009.SZ,3106,2,0,9.79,100
2026-03-30 09:15:00.040,20260330,91500040,000009.SZ,3489,1,0,8.72,300
2026-03-30 09:15:00.040,20260330,91500040,000009.SZ,4048,2,0,10.01,100
2026-03-30 09:15:00.040,20260330,91500040,000009.SZ,4771,2,0,10.01,1000
2026-03-30 09:15:00.050,20260330,91500050,000009.SZ,5947,1,0,8.78,500
2026-03-30 09:15:00.050,20260330,91500050,000009.SZ,6295,2,0,9.75,100
2026-03-30 09:15:00.050,20260330,91500050,000009.SZ,7710,2,0,10.01,1000
2026-03-30 09:15:00.050,20260330,91500050,000009.SZ,8453,2,0,9.23,16300
2026-03-30 09:15:00.050,20260330,91500050,000009.SZ,9337,2,0,9.15,1800
2026-03-30 09:15:00.050,20260330,91500050,000009.SZ,10158,2,0,9.66,1500
2026-03-30 09:15:00.060,20260330,91500060,000009.SZ,10422,2,0,9.09,100
2026-03-30 09:15:00.060,20260330,91500060,000009.SZ,10501,2,0,9.39,1500
2026-03-30 09:15:00.060,20260330,91500060,000009.SZ,10662,1,0,8.2,1000
2026-03-30 09:15:00.060,20260330,91500060,000009.SZ,11328,2,0,9.43,1000
2026-03-30 09:15:00.060,20260330,91500060,000009.SZ,11524,2,0,9.48,200
2026-03-30 09:15:00.060,20260330,91500060,000009.SZ,12565,1,0,8.2,700
2026-03-30 09:15:00.060,20260330,91500060,000009.SZ,13639,2,0,9.98,600
2026-03-30 09:15:00.060,20260330,91500060,000009.SZ,13949,2,0,10.0,31000
2026-03-30 09:15:00.060,20260330,91500060,000009.SZ,14001,1,0,8.47,1000
2026-03-30 09:15:00.060,20260330,91500060,000009.SZ,14455,2,0,10.0,11000
2026-03-30 09:15:00.060,20260330,91500060,000009.SZ,14833,1,0,8.75,100
2026-03-30 09:15:00.060,20260330,91500060,000009.SZ,15554,2,0,9.99,3000
2026-03-30 09:15:00.070,20260330,91500070,000009.SZ,17365,1,0,8.91,1000
2026-03-30 09:15:00.070,20260330,91500070,000009.SZ,17612,2,0,9.6,1900
2026-03-30 09:15:00.070,20260330,91500070,000009.SZ,17926,2,0,10.0,200
2026-03-30 09:15:00.070,20260330,91500070,000009.SZ,18942,2,0,9.3,800
2026-03-30 09:15:00.070,20260330,91500070,000009.SZ,19101,2,0,9.68,2000
2026-03-30 09:15:00.070,20260330,91500070,000009.SZ,19102,2,0,9.76,4000
2026-03-30 09:15:00.070,20260330,91500070,000009.SZ,19104,2,0,9.85,4000
2026-03-30 09:15:00.070,20260330,91500070,000009.SZ,19116,1,0,8.7,400
2026-03-30 09:15:00.070,20260330,91500070,000009.SZ,19242,2,0,9.42,1100
2026-03-30 09:15:00.070,20260330,91500070,000009.SZ,19433,2,0,10.01,500
2026-03-30 09:15:00.080,20260330,91500080,000009.SZ,20512,2,0,9.19,2000
2026-03-30 09:15:00.080,20260330,91500080,000009.SZ,21184,1,0,8.93,1000
2026-03-30 09:15:00.080,20260330,91500080,000009.SZ,21399,2,0,9.99,3000
2026-03-30 09:15:00.080,20260330,91500080,000009.SZ,22295,1,0,8.6,100
2026-03-30 09:15:00.080,20260330,91500080,000009.SZ,22708,1,0,9.06,100
2026-03-30 09:15:00.080,20260330,91500080,000009.SZ,22846,2,0,10.01,100
2026-03-30 09:15:00.080,20260330,91500080,000009.SZ,23456,1,0,8.9,100
2026-03-30 09:15:00.080,20260330,91500080,000009.SZ,23457,1,0,8.5,100
2026-03-30 09:15:00.080,20260330,91500080,000009.SZ,23695,2,0,10.01,1700
2026-03-30 09:15:00.090,20260330,91500090,000009.SZ,24173,2,0,9.12,1500
2026-03-30 09:15:00.090,20260330,91500090,000009.SZ,24542,1,0,8.5,200
2026-03-30 09:15:00.090,20260330,91500090,000009.SZ,25851,1,0,9.1,200
2026-03-30 09:15:00.090,20260330,91500090,000009.SZ,25949,2,0,10.01,100
2026-03-30 09:15:00.090,20260330,91500090,000009.SZ,26398,2,0,9.99,300
2026-03-30 09:15:00.090,20260330,91500090,000009.SZ,26532,2,0,10.01,300
2026-03-30 09:15:00.090,20260330,91500090,000009.SZ,26775,1,0,8.3,100
2026-03-30 09:15:00.090,20260330,91500090,000009.SZ,27521,2,0,9.22,2000
2026-03-30 09:15:00.090,20260330,91500090,000009.SZ,27666,2,0,9.27,800
2026-03-30 09:15:00.090,20260330,91500090,000009.SZ,27889,2,0,9.5,500
2026-03-30 09:15:00.100,20260330,91500100,000009.SZ,28603,2,0,9.32,100
2026-03-30 09:15:00.100,20260330,91500100,000009.SZ,28778,2,0,10.0,500
2026-03-30 09:15:00.100,20260330,91500100,000009.SZ,28989,2,0,9.29,4500
2026-03-30 09:15:00.100,20260330,91500100,000009.SZ,28990,2,0,9.66,4100
2026-03-30 09:15:00.100,20260330,91500100,000009.SZ,28991,2,0,9.99,6000
2026-03-30 09:15:00.100,20260330,91500100,000009.SZ,29396,2,0,10.01,2000
2026-03-30 09:15:00.100,20260330,91500100,000009.SZ,29874,2,0,9.19,500
2026-03-30 09:15:00.100,20260330,91500100,000009.SZ,30216,2,0,9.18,500
2026-03-30 09:15:00.100,20260330,91500100,000009.SZ,30498,1,0,8.8,7000
2026-03-30 09:15:00.110,20260330,91500110,000009.SZ,32100,2,0,10.0,600
2026-03-30 09:15:00.110,20260330,91500110,000009.SZ,33717,2,0,9.46,600
2026-03-30 09:15:00.110,20260330,91500110,000009.SZ,33718,2,0,9.96,700
2026-03-30 09:15:00.110,20260330,91500110,000009.SZ,33768,2,0,9.29,800
2026-03-30 09:15:00.110,20260330,91500110,000009.SZ,34400,2,0,9.99,1000
2026-03-30 09:15:00.120,20260330,91500120,000009.SZ,37201,1,0,8.83,1500
2026-03-30 09:15:00.120,20260330,91500120,000009.SZ,37345,1,0,8.45,4000
2026-03-30 09:15:00.120,20260330,91500120,000009.SZ,37346,2,0,9.42,2000
2026-03-30 09:15:00.120,20260330,91500120,000009.SZ,38092,2,0,9.31,20000
2026-03-30 09:15:00.120,20260330,91500120,000009.SZ,38621,2,0,9.99,1000
2026-03-30 09:15:00.120,20260330,91500120,000009.SZ,39149,2,0,10.01,500
2026-03-30 09:15:00.120,20260330,91500120,000009.SZ,39319,2,0,9.15,1000
2026-03-30 09:15:00.120,20260330,91500120,000009.SZ,39812,2,0,9.19,6000
2026-03-30 09:15:00.120,20260330,91500120,000009.SZ,39813,2,0,9.29,7000
2026-03-30 09:15:00.120,20260330,91500120,000009.SZ,39814,2,0,9.38,7000
2026-03-30 09:15:00.120,20260330,91500120,000009.SZ,39824,2,0,9.2,10000
2026-03-30 09:15:00.120,20260330,91500120,000009.SZ,39825,2,0,9.29,10000
2026-03-30 09:15:00.120,20260330,91500120,000009.SZ,39826,2,0,9.38,10000
2026-03-30 09:15:00.120,20260330,91500120,000009.SZ,39827,2,0,9.45,2000
2026-03-30 09:15:00.120,20260330,91500120,000009.SZ,39828,2,0,9.2,10000
2026-03-30 09:15:00.120,20260330,91500120,000009.SZ,39829,2,0,9.29,10000
2026-03-30 09:15:00.120,20260330,91500120,000009.SZ,39830,2,0,9.38,10000
2026-03-30 09:15:00.120,20260330,91500120,000009.SZ,39831,2,0,9.45,2000
2026-03-30 09:15:00.120,20260330,91500120,000009.SZ,39832,2,0,9.69,10000
2026-03-30 09:15:00.120,20260330,91500120,000009.SZ,39833,2,0,10.01,8000
2026-03-30 09:15:00.120,20260330,91500120,000009.SZ,39909,2,0,9.2,10000
2026-03-30 09:15:00.120,20260330,91500120,000009.SZ,39910,2,0,9.29,10000
2026-03-30 09:15:00.120,20260330,91500120,000009.SZ,39911,2,0,9.38,8000
2026-03-30 09:15:00.120,20260330,91500120,000009.SZ,39912,2,0,9.45,2000
2026-03-30 09:15:00.120,20260330,91500120,000009.SZ,39913,2,0,9.69,10000
2026-03-30 09:15:00.120,20260330,91500120,000009.SZ,39914,2,0,10.01,8000
2026-03-30 09:15:00.130,20260330,91500130,000009.SZ,40899,2,0,10.0,13400
2026-03-30 09:15:00.130,20260330,91500130,000009.SZ,41599,2,0,9.4,200
2026-03-30 09:15:00.130,20260330,91500130,000009.SZ,41600,2,0,9.71,200
2026-03-30 09:15:00.130,20260330,91500130,000009.SZ,41601,2,0,10.01,200
2026-03-30 09:15:00.130,20260330,91500130,000009.SZ,41717,2,0,9.66,200
2026-03-30 09:15:00.130,20260330,91500130,000009.SZ,41861,2,0,10.0,600
2026-03-30 09:15:00.130,20260330,91500130,000009.SZ,43568,2,0,9.29,6000
2026-03-30 09:15:00.130,20260330,91500130,000009.SZ,43569,2,0,9.2,6000
2026-03-30 09:15:00.130,20260330,91500130,000009.SZ,43695,1,0,8.72,2500
2026-03-30 09:15:00.140,20260330,91500140,000009.SZ,44264,2,0,10.01,200
2026-03-30 09:15:00.140,20260330,91500140,000009.SZ,44664,2,0,9.01,300
2026-03-30 09:15:00.140,20260330,91500140,000009.SZ,45072,1,0,8.66,500
2026-03-30 09:15:00.140,20260330,91500140,000009.SZ,45270,2,0,9.59,1000
2026-03-30 09:15:00.140,20260330,91500140,000009.SZ,45472,2,0,9.39,500
2026-03-30 09:15:00.140,20260330,91500140,000009.SZ,45891,2,0,9.15,200
2026-03-30 09:15:00.140,20260330,91500140,000009.SZ,46750,2,0,9.59,1000
2026-03-30 09:15:00.140,20260330,91500140,000009.SZ,47011,2,0,9.48,500
2026-03-30 09:15:00.140,20260330,91500140,000009.SZ,47074,2,0,9.59,10000
2026-03-30 09:15:00.140,20260330,91500140,000009.SZ,47075,2,0,9.69,10000
2026-03-30 09:15:00.140,20260330,91500140,000009.SZ,47076,2,0,9.79,10000
2026-03-30 09:15:00.140,20260330,91500140,000009.SZ,47148,2,0,9.9,10000
2026-03-30 09:15:00.140,20260330,91500140,000009.SZ,47150,2,0,9.79,10000
2026-03-30 09:15:00.140,20260330,91500140,000009.SZ,47216,2,0,9.9,5000
2026-03-30 09:15:00.140,20260330,91500140,000009.SZ,47217,2,0,10.0,5000
2026-03-30 09:15:00.140,20260330,91500140,000009.SZ,47222,2,0,10.0,20000
2026-03-30 09:15:00.140,20260330,91500140,000009.SZ,47477,2,0,9.99,1000
2026-03-30 09:15:00.140,20260330,91500140,000009.SZ,47807,2,0,9.45,10000
2026-03-30 09:15:00.150,20260330,91500150,000009.SZ,48418,2,0,9.4,200
2026-03-30 09:15:00.150,20260330,91500150,000009.SZ,48510,2,0,10.01,5000
2026-03-30 09:15:00.150,20260330,91500150,000009.SZ,48630,1,0,8.98,1500
2026-03-30 09:15:00.150,20260330,91500150,000009.SZ,48701,2,0,9.73,2000
2026-03-30 09:15:00.150,20260330,91500150,000009.SZ,48988,2,0,9.5,200
2026-03-30 09:15:00.150,20260330,91500150,000009.SZ,49311,2,0,10.0,5000
2026-03-30 09:15:00.160,20260330,91500160,000009.SZ,53119,2,0,9.99,100
2026-03-30 09:15:00.160,20260330,91500160,000009.SZ,53120,2,0,9.89,100
2026-03-30 09:15:00.160,20260330,91500160,000009.SZ,54128,1,0,8.19,600
2026-03-30 09:15:00.170,20260330,91500170,000009.SZ,55510,2,0,9.47,6400
2026-03-30 09:15:00.170,20260330,91500170,000009.SZ,56251,1,0,8.31,1500
2026-03-30 09:15:00.170,20260330,91500170,000009.SZ,56554,2,0,9.55,400
2026-03-30 09:15:00.170,20260330,91500170,000009.SZ,56763,1,0,9.03,600
2026-03-30 09:15:00.170,20260330,91500170,000009.SZ,57420,1,0,9.01,2300
2026-03-30 09:15:00.170,20260330,91500170,000009.SZ,57670,2,0,9.88,1800
2026-03-30 09:15:00.180,20260330,91500180,000009.SZ,59010,2,0,9.22,1000
2026-03-30 09:15:00.180,20260330,91500180,000009.SZ,59051,1,0,8.35,400
2026-03-30 09:15:00.180,20260330,91500180,000009.SZ,59060,2,0,10.01,1000
2026-03-30 09:15:00.180,20260330,91500180,000009.SZ,59245,2,0,9.25,5000
2026-03-30 09:15:00.180,20260330,91500180,000009.SZ,59258,2,0,9.9,200
2026-03-30 09:15:00.180,20260330,91500180,000009.SZ,61459,2,0,10.0,2400
2026-03-30 09:15:00.190,20260330,91500190,000009.SZ,62686,2,0,10.0,500
2026-03-30 09:15:00.190,20260330,91500190,000009.SZ,63638,1,0,8.92,10600
2026-03-30 09:15:00.190,20260330,91500190,000009.SZ,64252,1,0,8.3,400
2026-03-30 09:15:00.190,20260330,91500190,000009.SZ,64739,2,0,10.0,100
2026-03-30 09:15:00.190,20260330,91500190,000009.SZ,64788,2,0,9.76,100
2026-03-30 09:15:00.190,20260330,91500190,000009.SZ,64790,2,0,9.76,100
2026-03-30 09:15:00.190,20260330,91500190,000009.SZ,65174,2,0,10.01,2000
2026-03-30 09:15:00.200,20260330,91500200,000009.SZ,66032,2,0,10.0,300
2026-03-30 09:15:00.200,20260330,91500200,000009.SZ,66086,2,0,9.99,500
2026-03-30 09:15:00.200,20260330,91500200,000009.SZ,66225,2,0,9.8,1300
2026-03-30 09:15:00.200,20260330,91500200,000009.SZ,67380,2,0,9.36,3500
2026-03-30 09:15:00.200,20260330,91500200,000009.SZ,67381,2,0,9.83,1500
2026-03-30 09:15:00.200,20260330,91500200,000009.SZ,67900,1,0,8.5,500
2026-03-30 09:15:00.200,20260330,91500200,000009.SZ,68179,2,0,9.46,1600
2026-03-30 09:15:00.210,20260330,91500210,000009.SZ,69037,2,0,10.01,1000
2026-03-30 09:15:00.210,20260330,91500210,000009.SZ,69135,2,0,9.49,2000
2026-03-30 09:15:00.210,20260330,91500210,000009.SZ,69203,2,0,9.7,6000
2026-03-30 09:15:00.210,20260330,91500210,000009.SZ,69617,2,0,9.95,200
2026-03-30 09:15:00.210,20260330,91500210,000009.SZ,69655,2,0,9.6,700
2026-03-30 09:15:00.210,20260330,91500210,000009.SZ,70756,2,0,9.98,600
2026-03-30 09:15:00.220,20260330,91500220,000009.SZ,71272,2,0,9.1,500
2026-03-30 09:15:00.220,20260330,91500220,000009.SZ,71863,2,0,9.25,300
2026-03-30 09:15:00.220,20260330,91500220,000009.SZ,72157,1,0,8.81,4500
2026-03-30 09:15:00.220,20260330,91500220,000009.SZ,72242,1,0,8.8,3000
2026-03-30 09:15:00.220,20260330,91500220,000009.SZ,72678,2,0,10.0,100
2026-03-30 09:15:00.230,20260330,91500230,000009.SZ,74949,1,0,9.1,200
2026-03-30 09:15:00.240,20260330,91500240,000009.SZ,75341,2,0,9.63,5000
2026-03-30 09:15:00.240,20260330,91500240,000009.SZ,75549,2,0,9.55,1000
2026-03-30 09:15:00.240,20260330,91500240,000009.SZ,75606,2,0,9.55,6000
2026-03-30 09:15:00.240,20260330,91500240,000009.SZ,75706,2,0,10.01,2000
2026-03-30 09:15:00.240,20260330,91500240,000009.SZ,75750,2,0,9.45,1000
2026-03-30 09:15:00.240,20260330,91500240,000009.SZ,75751,2,0,10.01,1000
2026-03-30 09:15:00.240,20260330,91500240,000009.SZ,76303,2,0,9.29,300
2026-03-30 09:15:00.250,20260330,91500250,000009.SZ,77495,2,0,9.5,2000
2026-03-30 09:15:00.250,20260330,91500250,000009.SZ,77662,2,0,10.0,3000
2026-03-30 09:15:00.250,20260330,91500250,000009.SZ,77663,1,0,8.8,1000
2026-03-30 09:15:00.250,20260330,91500250,000009.SZ,77705,1,0,8.68,1200
2026-03-30 09:15:00.250,20260330,91500250,000009.SZ,78271,2,0,9.87,1000
2026-03-30 09:15:00.260,20260330,91500260,000009.SZ,80259,1,0,8.88,500
2026-03-30 09:15:00.260,20260330,91500260,000009.SZ,80870,2,0,9.6,1000
2026-03-30 09:15:00.260,20260330,91500260,000009.SZ,81076,1,0,8.9,2000
2026-03-30 09:15:00.270,20260330,91500270,000009.SZ,82543,2,0,9.32,500
2026-03-30 09:15:00.270,20260330,91500270,000009.SZ,83195,2,0,10.01,14000
2026-03-30 09:15:00.280,20260330,91500280,000009.SZ,84823,1,0,8.73,3100
2026-03-30 09:15:00.290,20260330,91500290,000009.SZ,86368,2,0,9.09,100
2026-03-30 09:15:00.290,20260330,91500290,000009.SZ,86486,2,0,10.01,12500
2026-03-30 09:15:00.290,20260330,91500290,000009.SZ,86487,2,0,9.6,2000
2026-03-30 09:15:00.290,20260330,91500290,000009.SZ,86488,2,0,9.49,1000
2026-03-30 09:15:00.290,20260330,91500290,000009.SZ,86492,2,0,9.29,500
2026-03-30 09:15:00.290,20260330,91500290,000009.SZ,86501,1,0,8.88,1000
2026-03-30 09:15:00.290,20260330,91500290,000009.SZ,86524,2,0,9.98,2100
2026-03-30 09:15:00.290,20260330,91500290,000009.SZ,86831,2,0,9.78,1000
2026-03-30 09:15:00.300,20260330,91500300,000009.SZ,87128,2,0,9.58,10000
2026-03-30 09:15:00.300,20260330,91500300,000009.SZ,87255,2,0,9.4,8000
2026-03-30 09:15:00.300,20260330,91500300,000009.SZ,87928,2,0,9.46,2800
2026-03-30 09:15:00.300,20260330,91500300,000009.SZ,87930,2,0,9.6,1200
2026-03-30 09:15:00.300,20260330,91500300,000009.SZ,88757,2,0,9.28,500
2026-03-30 09:15:00.310,20260330,91500310,000009.SZ,89196,2,0,9.67,400
2026-03-30 09:15:00.310,20260330,91500310,000009.SZ,89197,2,0,10.01,300
2026-03-30 09:15:00.310,20260330,91500310,000009.SZ,89198,1,0,8.51,400
2026-03-30 09:15:00.310,20260330,91500310,000009.SZ,89609,2,0,9.53,700
2026-03-30 09:15:00.320,20260330,91500320,000009.SZ,90556,2,0,9.25,1000
2026-03-30 09:15:00.320,20260330,91500320,000009.SZ,90709,2,0,9.6,900
2026-03-30 09:15:00.320,20260330,91500320,000009.SZ,91264,2,0,9.31,9000
2026-03-30 09:15:00.320,20260330,91500320,000009.SZ,91265,2,0,9.31,9000
2026-03-30 09:15:00.320,20260330,91500320,000009.SZ,91317,2,0,9.31,10700
2026-03-30 09:15:00.320,20260330,91500320,000009.SZ,91866,2,0,9.4,3800
2026-03-30 09:15:00.330,20260330,91500330,000009.SZ,92384,1,0,9.1,100
2026-03-30 09:15:00.340,20260330,91500340,000009.SZ,93991,1,0,9.0,1000
2026-03-30 09:15:00.350,20260330,91500350,000009.SZ,95503,1,0,8.9,1000
2026-03-30 09:15:00.350,20260330,91500350,000009.SZ,95698,2,0,9.8,100
2026-03-30 09:15:00.350,20260330,91500350,000009.SZ,95699,2,0,9.81,100
2026-03-30 09:15:00.350,20260330,91500350,000009.SZ,95700,2,0,9.85,100
2026-03-30 09:15:00.350,20260330,91500350,000009.SZ,95701,2,0,9.9,100
2026-03-30 09:15:00.350,20260330,91500350,000009.SZ,95702,2,0,9.95,100
2026-03-30 09:15:00.350,20260330,91500350,000009.SZ,95703,2,0,10.01,100
2026-03-30 09:15:00.360,20260330,91500360,000009.SZ,96873,1,0,8.44,100
2026-03-30 09:15:00.370,20260330,91500370,000009.SZ,97789,2,0,9.19,500
2026-03-30 09:15:00.370,20260330,91500370,000009.SZ,98384,1,0,8.62,3000
2026-03-30 09:15:00.370,20260330,91500370,000009.SZ,98421,1,0,8.19,300
2026-03-30 09:15:00.380,20260330,91500380,000009.SZ,99294,2,0,10.01,6400
2026-03-30 09:15:00.380,20260330,91500380,000009.SZ,99390,2,0,9.48,2000
2026-03-30 09:15:00.380,20260330,91500380,000009.SZ,99391,2,0,9.38,2000
2026-03-30 09:15:00.380,20260330,91500380,000009.SZ,99392,2,0,9.53,5000
2026-03-30 09:15:00.380,20260330,91500380,000009.SZ,99393,2,0,9.63,5000
2026-03-30 09:15:00.380,20260330,91500380,000009.SZ,99521,1,0,8.42,300
2026-03-30 09:15:00.390,20260330,91500390,000009.SZ,100020,2,0,10.0,2000
2026-03-30 09:15:00.390,20260330,91500390,000009.SZ,100369,2,0,9.1,700
2026-03-30 09:15:00.390,20260330,91500390,000009.SZ,100370,2,0,9.2,400
2026-03-30 09:15:00.390,20260330,91500390,000009.SZ,100613,2,0,9.28,1000
2026-03-30 09:15:00.390,20260330,91500390,000009.SZ,100627,1,0,8.68,200
2026-03-30 09:15:00.400,20260330,91500400,000009.SZ,101271,2,0,9.19,1000
2026-03-30 09:15:00.400,20260330,91500400,000009.SZ,101311,1,0,8.96,2300
2026-03-30 09:15:00.400,20260330,91500400,000009.SZ,101849,2,0,10.01,500
2026-03-30 09:15:00.410,20260330,91500410,000009.SZ,102076,2,0,9.98,4000
2026-03-30 09:15:00.410,20260330,91500410,000009.SZ,102270,2,0,10.01,100
2026-03-30 09:15:00.410,20260330,91500410,000009.SZ,102651,2,0,10.0,600
2026-03-30 09:15:00.420,20260330,91500420,000009.SZ,103116,1,0,8.86,2800
2026-03-30 09:15:00.420,20260330,91500420,000009.SZ,103177,1,0,8.81,300
2026-03-30 09:15:00.420,20260330,91500420,000009.SZ,103741,2,0,10.01,2000
2026-03-30 09:15:00.420,20260330,91500420,000009.SZ,104081,2,0,9.25,1200
2026-03-30 09:15:00.420,20260330,91500420,000009.SZ,104087,1,0,8.4,500
2026-03-30 09:15:00.430,20260330,91500430,000009.SZ,104531,1,0,8.91,10000
2026-03-30 09:15:00.430,20260330,91500430,000009.SZ,104723,1,0,8.75,500
2026-03-30 09:15:00.440,20260330,91500440,000009.SZ,106162,2,0,9.29,2700
2026-03-30 09:15:00.450,20260330,91500450,000009.SZ,107339,2,0,9.59,3700
2026-03-30 09:15:00.450,20260330,91500450,000009.SZ,107379,2,0,9.75,100
2026-03-30 09:15:00.460,20260330,91500460,000009.SZ,107632,2,0,9.79,100
2026-03-30 09:15:00.460,20260330,91500460,000009.SZ,107639,2,0,9.18,5000
2026-03-30 09:15:00.460,20260330,91500460,000009.SZ,107640,2,0,9.28,5000
2026-03-30 09:15:00.460,20260330,91500460,000009.SZ,107643,2,0,9.38,5000
2026-03-30 09:15:00.460,20260330,91500460,000009.SZ,107645,2,0,9.48,5000
2026-03-30 09:15:00.460,20260330,91500460,000009.SZ,107646,2,0,9.58,5000
2026-03-30 09:15:00.460,20260330,91500460,000009.SZ,107650,2,0,9.68,5000
2026-03-30 09:15:00.460,20260330,91500460,000009.SZ,107653,2,0,9.78,5000
2026-03-30 09:15:00.460,20260330,91500460,000009.SZ,107654,2,0,9.88,5000
2026-03-30 09:15:00.460,20260330,91500460,000009.SZ,107656,2,0,9.98,10000
2026-03-30 09:15:00.460,20260330,91500460,000009.SZ,108092,1,0,9.1,5000
2026-03-30 09:15:00.460,20260330,91500460,000009.SZ,108101,2,0,9.2,1000
2026-03-30 09:15:00.470,20260330,91500470,000009.SZ,108388,1,0,8.64,100
2026-03-30 09:15:00.470,20260330,91500470,000009.SZ,108391,1,0,8.2,100
2026-03-30 09:15:00.470,20260330,91500470,000009.SZ,108392,2,0,9.5,100
2026-03-30 09:15:00.470,20260330,91500470,000009.SZ,108393,2,0,9.34,100
2026-03-30 09:15:00.470,20260330,91500470,000009.SZ,108754,2,0,9.5,300
2026-03-30 09:15:00.470,20260330,91500470,000009.SZ,108824,2,0,10.01,1000
2026-03-30 09:15:00.470,20260330,91500470,000009.SZ,108826,1,0,8.72,500
2026-03-30 09:15:00.470,20260330,91500470,000009.SZ,108917,2,0,9.27,500
2026-03-30 09:15:00.470,20260330,91500470,000009.SZ,108918,2,0,9.57,500
2026-03-30 09:15:00.470,20260330,91500470,000009.SZ,109058,1,0,8.78,300
2026-03-30 09:15:00.470,20260330,91500470,000009.SZ,109059,1,0,8.68,300
2026-03-30 09:15:00.470,20260330,91500470,000009.SZ,109351,2,0,9.6,600
2026-03-30 09:15:00.480,20260330,91500480,000009.SZ,109889,1,0,8.68,5000
2026-03-30 09:15:00.480,20260330,91500480,000009.SZ,110376,2,0,10.0,500
2026-03-30 09:15:00.490,20260330,91500490,000009.SZ,111070,2,0,10.01,100
2026-03-30 09:15:00.500,20260330,91500500,000009.SZ,111668,2,0,9.45,100
2026-03-30 09:15:00.500,20260330,91500500,000009.SZ,111899,2,0,10.01,600
2026-03-30 09:15:00.500,20260330,91500500,000009.SZ,111900,2,0,9.76,600
2026-03-30 09:15:00.500,20260330,91500500,000009.SZ,111901,2,0,9.54,600
2026-03-30 09:15:00.500,20260330,91500500,000009.SZ,111902,2,0,9.34,600
2026-03-30 09:15:00.500,20260330,91500500,000009.SZ,111903,2,0,9.84,600
2026-03-30 09:15:00.500,20260330,91500500,000009.SZ,111904,2,0,9.92,600
2026-03-30 09:15:00.500,20260330,91500500,000009.SZ,111905,2,0,9.65,600
2026-03-30 09:15:00.500,20260330,91500500,000009.SZ,111906,1,0,8.8,600
2026-03-30 09:15:00.500,20260330,91500500,000009.SZ,111907,1,0,8.7,600
2026-03-30 09:15:00.500,20260330,91500500,000009.SZ,111908,1,0,8.6,700
2026-03-30 09:15:00.500,20260330,91500500,000009.SZ,111909,1,0,8.5,700
2026-03-30 09:15:00.500,20260330,91500500,000009.SZ,111910,1,0,8.4,700
2026-03-30 09:15:00.500,20260330,91500500,000009.SZ,112593,2,0,9.7,300
2026-03-30 09:15:00.510,20260330,91500510,000009.SZ,112895,2,0,10.0,400
2026-03-30 09:15:00.510,20260330,91500510,000009.SZ,113322,1,0,8.7,10000
2026-03-30 09:15:00.510,20260330,91500510,000009.SZ,113323,1,0,8.51,11000
2026-03-30 09:15:00.510,20260330,91500510,000009.SZ,113625,1,0,8.86,1900
2026-03-30 09:15:00.510,20260330,91500510,000009.SZ,113925,2,0,10.0,600
2026-03-30 09:15:00.520,20260330,91500520,000009.SZ,114227,2,0,9.97,106
2026-03-30 09:15:00.520,20260330,91500520,000009.SZ,114415,1,0,8.66,2000
2026-03-30 09:15:00.520,20260330,91500520,000009.SZ,114784,1,0,8.19,100
2026-03-30 09:15:00.530,20260330,91500530,000009.SZ,115221,2,0,9.98,500
2026-03-30 09:15:00.530,20260330,91500530,000009.SZ,116033,2,0,10.01,100
2026-03-30 09:15:00.530,20260330,91500530,000009.SZ,116328,2,0,9.41,900
2026-03-30 09:15:00.530,20260330,91500530,000009.SZ,116379,1,0,8.68,300
2026-03-30 09:15:00.540,20260330,91500540,000009.SZ,116876,1,0,8.31,100
2026-03-30 09:15:00.540,20260330,91500540,000009.SZ,117061,2,0,9.4,5000
2026-03-30 09:15:00.540,20260330,91500540,000009.SZ,117156,2,0,9.99,2700
2026-03-30 09:15:00.540,20260330,91500540,000009.SZ,117177,1,0,8.83,100
2026-03-30 09:15:00.540,20260330,91500540,000009.SZ,117342,2,0,10.01,200
2026-03-30 09:15:00.540,20260330,91500540,000009.SZ,117343,2,0,9.78,300
2026-03-30 09:15:00.540,20260330,91500540,000009.SZ,117344,2,0,9.67,300
2026-03-30 09:15:00.540,20260330,91500540,000009.SZ,117345,2,0,9.56,300
2026-03-30 09:15:00.540,20260330,91500540,000009.SZ,117346,2,0,9.45,300
2026-03-30 09:15:00.540,20260330,91500540,000009.SZ,117360,2,0,9.09,1200
2026-03-30 09:15:00.540,20260330,91500540,000009.SZ,117361,2,0,9.12,1200
2026-03-30 09:15:00.540,20260330,91500540,000009.SZ,117362,2,0,9.15,1200
2026-03-30 09:15:00.540,20260330,91500540,000009.SZ,117363,2,0,9.18,1200
2026-03-30 09:15:00.540,20260330,91500540,000009.SZ,117364,2,0,9.21,1200
2026-03-30 09:15:00.550,20260330,91500550,000009.SZ,119210,2,0,10.0,1300
2026-03-30 09:15:00.560,20260330,91500560,000009.SZ,119409,1,0,8.79,100
2026-03-30 09:15:00.560,20260330,91500560,000009.SZ,119714,1,0,8.97,500
2026-03-30 09:15:00.560,20260330,91500560,000009.SZ,119715,2,0,9.5,4500
2026-03-30 09:15:00.570,20260330,91500570,000009.SZ,120503,2,0,9.51,2000
2026-03-30 09:15:00.570,20260330,91500570,000009.SZ,120506,1,0,8.38,2000
2026-03-30 09:15:00.570,20260330,91500570,000009.SZ,121055,2,0,10.0,1600
2026-03-30 09:15:00.580,20260330,91500580,000009.SZ,121820,2,0,9.87,2000
2026-03-30 09:15:00.580,20260330,91500580,000009.SZ,121822,2,0,9.58,1000
2026-03-30 09:15:00.580,20260330,91500580,000009.SZ,122175,2,0,9.3,2500
2026-03-30 09:15:00.580,20260330,91500580,000009.SZ,122853,2,0,10.01,100
2026-03-30 09:15:00.580,20260330,91500580,000009.SZ,122948,2,0,9.1,800
2026-03-30 09:15:00.590,20260330,91500590,000009.SZ,123113,2,0,9.89,400
2026-03-30 09:15:00.590,20260330,91500590,000009.SZ,123443,2,0,9.5,7000
2026-03-30 09:15:00.600,20260330,91500600,000009.SZ,124215,2,0,9.59,1000
2026-03-30 09:15:00.610,20260330,91500610,000009.SZ,124953,1,0,8.9,500
2026-03-30 09:15:00.610,20260330,91500610,000009.SZ,125471,1,0,9.1,500
2026-03-30 09:15:00.610,20260330,91500610,000009.SZ,125714,1,0,8.82,300
2026-03-30 09:15:00.620,20260330,91500620,000009.SZ,126234,2,0,10.0,2000
2026-03-30 09:15:00.620,20260330,91500620,000009.SZ,126731,1,0,9.1,400
2026-03-30 09:15:00.630,20260330,91500630,000009.SZ,127017,2,0,9.85,2600
2026-03-30 09:15:00.630,20260330,91500630,000009.SZ,127458,2,0,9.61,4000
2026-03-30 09:15:00.640,20260330,91500640,000009.SZ,127493,2,0,10.01,100
2026-03-30 09:15:00.640,20260330,91500640,000009.SZ,127709,2,0,10.01,2000
2026-03-30 09:15:00.640,20260330,91500640,000009.SZ,127755,2,0,9.31,1000
2026-03-30 09:15:00.640,20260330,91500640,000009.SZ,128013,1,0,8.86,1000
2026-03-30 09:15:00.640,20260330,91500640,000009.SZ,128491,2,0,9.78,200
2026-03-30 09:15:00.650,20260330,91500650,000009.SZ,128518,2,0,9.58,400
2026-03-30 09:15:00.650,20260330,91500650,000009.SZ,128519,2,0,9.68,1000
2026-03-30 09:15:00.650,20260330,91500650,000009.SZ,128520,2,0,9.78,1000
2026-03-30 09:15:00.650,20260330,91500650,000009.SZ,128864,2,0,10.01,500
2026-03-30 09:15:00.650,20260330,91500650,000009.SZ,129003,2,0,9.75,300
2026-03-30 09:15:00.650,20260330,91500650,000009.SZ,129010,2,0,10.01,500
2026-03-30 09:15:00.650,20260330,91500650,000009.SZ,129011,1,0,8.2,700
2026-03-30 09:15:00.650,20260330,91500650,000009.SZ,129369,1,0,8.41,800
2026-03-30 09:15:00.650,20260330,91500650,000009.SZ,129370,2,0,9.97,1000
2026-03-30 09:15:00.660,20260330,91500660,000009.SZ,129646,2,0,9.29,3000
2026-03-30 09:15:00.660,20260330,91500660,000009.SZ,129886,2,0,10.0,1000
2026-03-30 09:15:00.660,20260330,91500660,000009.SZ,130167,2,0,10.01,10000
2026-03-30 09:15:00.670,20260330,91500670,000009.SZ,130361,2,0,9.5,1000
2026-03-30 09:15:00.670,20260330,91500670,000009.SZ,130428,2,0,9.3,600
2026-03-30 09:15:00.680,20260330,91500680,000009.SZ,131101,2,0,9.75,300
2026-03-30 09:15:00.680,20260330,91500680,000009.SZ,131102,2,0,10.01,500
2026-03-30 09:15:00.680,20260330,91500680,000009.SZ,131430,2,0,9.39,1800
2026-03-30 09:15:00.680,20260330,91500680,000009.SZ,131431,2,0,9.53,1700
2026-03-30 09:15:00.680,20260330,91500680,000009.SZ,131432,2,0,9.66,1700
2026-03-30 09:15:00.680,20260330,91500680,000009.SZ,131433,2,0,9.78,1700
2026-03-30 09:15:00.680,20260330,91500680,000009.SZ,131434,2,0,9.89,1700
2026-03-30 09:15:00.680,20260330,91500680,000009.SZ,131435,2,0,9.99,1700
2026-03-30 09:15:00.680,20260330,91500680,000009.SZ,131436,2,0,10.01,1600
2026-03-30 09:15:00.680,20260330,91500680,000009.SZ,131531,1,0,8.59,2000
2026-03-30 09:15:00.690,20260330,91500690,000009.SZ,131626,1,0,8.9,1000
2026-03-30 09:15:00.700,20260330,91500700,000009.SZ,132606,2,0,9.6,5400
2026-03-30 09:15:00.700,20260330,91500700,000009.SZ,132660,2,0,9.28,1000
2026-03-30 09:15:00.700,20260330,91500700,000009.SZ,132665,2,0,9.38,1200
2026-03-30 09:15:00.710,20260330,91500710,000009.SZ,133520,1,0,9.1,1000
2026-03-30 09:15:00.730,20260330,91500730,000009.SZ,134369,2,0,9.55,1000
2026-03-30 09:15:00.740,20260330,91500740,000009.SZ,134905,1,0,8.3,100
2026-03-30 09:15:00.750,20260330,91500750,000009.SZ,135374,2,0,9.99,200
2026-03-30 09:15:00.750,20260330,91500750,000009.SZ,135503,1,0,9.1,100
2026-03-30 09:15:00.750,20260330,91500750,000009.SZ,135688,1,0,8.36,100
2026-03-30 09:15:00.760,20260330,91500760,000009.SZ,136012,2,0,9.58,2400
2026-03-30 09:15:00.760,20260330,91500760,000009.SZ,136320,2,0,10.01,2000
2026-03-30 09:15:00.780,20260330,91500780,000009.SZ,137126,2,0,9.99,500
2026-03-30 09:15:00.780,20260330,91500780,000009.SZ,137388,2,0,9.39,1000
2026-03-30 09:15:00.780,20260330,91500780,000009.SZ,137389,2,0,9.79,3000
2026-03-30 09:15:00.790,20260330,91500790,000009.SZ,137550,2,0,9.35,500
2026-03-30 09:15:00.800,20260330,91500800,000009.SZ,138443,2,0,10.01,8000
2026-03-30 09:15:00.800,20260330,91500800,000009.SZ,138687,2,0,9.19,1000
2026-03-30 09:15:00.800,20260330,91500800,000009.SZ,138716,2,0,9.59,2000
2026-03-30 09:15:00.830,20260330,91500830,000009.SZ,139822,2,0,9.49,600
2026-03-30 09:15:00.830,20260330,91500830,000009.SZ,139970,1,0,8.87,5000
2026-03-30 09:15:00.850,20260330,91500850,000009.SZ,140999,2,0,9.52,5800
2026-03-30 09:15:00.850,20260330,91500850,000009.SZ,141004,2,0,10.0,5300
2026-03-30 09:15:00.860,20260330,91500860,000009.SZ,141445,2,0,10.01,2000
2026-03-30 09:15:00.860,20260330,91500860,000009.SZ,141460,2,0,10.0,100
2026-03-30 09:15:00.870,20260330,91500870,000009.SZ,142091,1,0,8.51,100
2026-03-30 09:15:00.870,20260330,91500870,000009.SZ,142359,2,0,10.01,5000
2026-03-30 09:15:00.870,20260330,91500870,000009.SZ,142592,1,0,9.1,500
2026-03-30 09:15:00.880,20260330,91500880,000009.SZ,143047,2,0,9.99,400
2026-03-30 09:15:00.880,20260330,91500880,000009.SZ,143174,1,0,8.65,100
2026-03-30 09:15:00.890,20260330,91500890,000009.SZ,143487,1,0,8.8,500
2026-03-30 09:15:00.900,20260330,91500900,000009.SZ,144540,1,0,9.03,1200
2026-03-30 09:15:00.900,20260330,91500900,000009.SZ,144541,1,0,8.9,1600
2026-03-30 09:15:00.900,20260330,91500900,000009.SZ,144544,1,0,8.78,2000
2026-03-30 09:15:00.910,20260330,91500910,000009.SZ,145184,2,0,9.5,10000
2026-03-30 09:15:00.910,20260330,91500910,000009.SZ,145643,1,0,8.88,1900
2026-03-30 09:15:00.920,20260330,91500920,000009.SZ,146584,1,0,8.9,100
2026-03-30 09:15:00.920,20260330,91500920,000009.SZ,146597,1,0,9.0,100
2026-03-30 09:15:00.940,20260330,91500940,000009.SZ,147809,2,0,9.21,1000
2026-03-30 09:15:00.940,20260330,91500940,000009.SZ,148071,2,0,9.6,300
2026-03-30 09:15:00.940,20260330,91500940,000009.SZ,148072,2,0,9.98,300
2026-03-30 09:15:00.950,20260330,91500950,000009.SZ,148459,2,0,10.01,1500
2026-03-30 09:15:00.980,20260330,91500980,000009.SZ,150589,2,0,9.6,1000
2026-03-30 09:15:01.000,20260330,91501000,000009.SZ,151878,2,0,9.8,500
2026-03-30 09:15:01.000,20260330,91501000,000009.SZ,152010,2,0,9.39,1000
2026-03-30 09:15:01.010,20260330,91501010,000009.SZ,153111,2,0,9.4,100
2026-03-30 09:15:01.010,20260330,91501010,000009.SZ,153112,2,0,9.85,100
2026-03-30 09:15:01.010,20260330,91501010,000009.SZ,153192,2,0,10.01,20000
2026-03-30 09:15:01.020,20260330,91501020,000009.SZ,153790,2,0,9.5,500
2026-03-30 09:15:01.030,20260330,91501030,000009.SZ,154524,1,0,8.7,300
2026-03-30 09:15:01.050,20260330,91501050,000009.SZ,155112,1,0,8.85,100
2026-03-30 09:15:01.050,20260330,91501050,000009.SZ,155186,2,0,9.17,100
2026-03-30 09:15:01.060,20260330,91501060,000009.SZ,156097,1,0,8.88,100
2026-03-30 09:15:01.060,20260330,91501060,000009.SZ,156186,2,0,9.66,2900
2026-03-30 09:15:01.070,20260330,91501070,000009.SZ,156489,2,0,9.8,500
2026-03-30 09:15:01.070,20260330,91501070,000009.SZ,156600,2,0,9.39,1500
2026-03-30 09:15:01.080,20260330,91501080,000009.SZ,156799,2,0,9.68,5000
2026-03-30 09:15:01.090,20260330,91501090,000009.SZ,157699,1,0,8.74,600
2026-03-30 09:15:01.090,20260330,91501090,000009.SZ,157700,1,0,8.41,600
2026-03-30 09:15:01.090,20260330,91501090,000009.SZ,157701,1,0,8.54,500
2026-03-30 09:15:01.100,20260330,91501100,000009.SZ,157985,2,0,9.65,2000
2026-03-30 09:15:01.110,20260330,91501110,000009.SZ,158325,2,0,10.01,400
2026-03-30 09:15:01.120,20260330,91501120,000009.SZ,158628,2,0,10.01,2500
2026-03-30 09:15:01.120,20260330,91501120,000009.SZ,159014,2,0,9.3,200
2026-03-30 09:15:01.140,20260330,91501140,000009.SZ,159607,1,0,8.91,2000
2026-03-30 09:15:01.140,20260330,91501140,000009.SZ,159609,2,0,9.3,12100
2026-03-30 09:15:01.140,20260330,91501140,000009.SZ,159823,2,0,10.01,2100
2026-03-30 09:15:01.150,20260330,91501150,000009.SZ,160248,2,0,9.98,1000
2026-03-30 09:15:01.150,20260330,91501150,000009.SZ,160268,2,0,9.99,500
2026-03-30 09:15:01.180,20260330,91501180,000009.SZ,161611,2,0,9.65,3500
2026-03-30 09:15:01.220,20260330,91501220,000009.SZ,162542,1,0,8.85,2000
2026-03-30 09:15:01.220,20260330,91501220,000009.SZ,162546,2,0,9.25,500
2026-03-30 09:15:01.220,20260330,91501220,000009.SZ,162547,2,0,9.4,1000
2026-03-30 09:15:01.220,20260330,91501220,000009.SZ,162549,2,0,9.36,500
2026-03-30 09:15:01.220,20260330,91501220,000009.SZ,162632,2,0,9.2,300
2026-03-30 09:15:01.230,20260330,91501230,000009.SZ,162928,1,0,8.96,900
2026-03-30 09:15:01.230,20260330,91501230,000009.SZ,162944,2,0,9.89,700
2026-03-30 09:15:01.250,20260330,91501250,000009.SZ,163430,1,0,8.2,2000
2026-03-30 09:15:01.260,20260330,91501260,000009.SZ,163617,2,0,8.19,300
2026-03-30 09:15:01.260,20260330,91501260,000009.SZ,163697,2,0,9.37,3000
2026-03-30 09:15:01.260,20260330,91501260,000009.SZ,163850,2,0,9.29,1000
2026-03-30 09:15:01.260,20260330,91501260,000009.SZ,163851,2,0,9.69,2000
2026-03-30 09:15:01.280,20260330,91501280,000009.SZ,164606,2,0,9.49,500
2026-03-30 09:15:01.280,20260330,91501280,000009.SZ,164770,2,0,9.98,200
2026-03-30 09:15:01.280,20260330,91501280,000009.SZ,164771,2,0,9.78,200
2026-03-30 09:15:01.290,20260330,91501290,000009.SZ,164894,1,0,8.22,800
2026-03-30 09:15:01.290,20260330,91501290,000009.SZ,164896,1,0,8.44,800
2026-03-30 09:15:01.290,20260330,91501290,000009.SZ,164954,2,0,9.32,1000
2026-03-30 09:15:01.290,20260330,91501290,000009.SZ,164960,2,0,9.36,1000
2026-03-30 09:15:01.290,20260330,91501290,000009.SZ,164961,2,0,9.45,1000
2026-03-30 09:15:01.320,20260330,91501320,000009.SZ,166348,2,0,9.22,800
2026-03-30 09:15:01.340,20260330,91501340,000009.SZ,167920,1,0,8.96,2000
2026-03-30 09:15:01.350,20260330,91501350,000009.SZ,168263,2,0,10.0,2000
2026-03-30 09:15:01.360,20260330,91501360,000009.SZ,168437,2,0,10.0,2000
2026-03-30 09:15:01.420,20260330,91501420,000009.SZ,170893,2,0,9.81,100
2026-03-30 09:15:01.420,20260330,91501420,000009.SZ,170896,1,0,8.41,100
2026-03-30 09:15:01.420,20260330,91501420,000009.SZ,170963,1,0,9.1,1800
2026-03-30 09:15:01.440,20260330,91501440,000009.SZ,171627,2,0,9.7,500
2026-03-30 09:15:01.450,20260330,91501450,000009.SZ,171985,1,0,8.6,1000
2026-03-30 09:15:01.450,20260330,91501450,000009.SZ,172196,2,0,9.68,5500
2026-03-30 09:15:01.460,20260330,91501460,000009.SZ,172415,2,0,9.5,900
2026-03-30 09:15:01.460,20260330,91501460,000009.SZ,172602,2,0,9.55,300
2026-03-30 09:15:01.460,20260330,91501460,000009.SZ,172603,2,0,10.01,1000
2026-03-30 09:15:01.470,20260330,91501470,000009.SZ,172960,1,0,8.8,2000
2026-03-30 09:15:01.470,20260330,91501470,000009.SZ,173066,1,0,8.88,20000
2026-03-30 09:15:01.470,20260330,91501470,000009.SZ,173067,1,0,8.96,20000
2026-03-30 09:15:01.480,20260330,91501480,000009.SZ,173379,1,0,8.75,1000
2026-03-30 09:15:01.480,20260330,91501480,000009.SZ,173678,2,0,9.75,1500
2026-03-30 09:15:01.490,20260330,91501490,000009.SZ,173859,2,0,9.53,200
2026-03-30 09:15:01.490,20260330,91501490,000009.SZ,173942,1,0,8.4,5000
2026-03-30 09:15:01.490,20260330,91501490,000009.SZ,174409,1,0,9.1,2000
2026-03-30 09:15:01.500,20260330,91501500,000009.SZ,174876,1,0,9.1,100
2026-03-30 09:15:01.500,20260330,91501500,000009.SZ,175211,1,0,8.81,1000
2026-03-30 09:15:01.520,20260330,91501520,000009.SZ,176054,1,0,8.37,500
2026-03-30 09:15:01.550,20260330,91501550,000009.SZ,178191,2,0,9.98,300
2026-03-30 09:15:01.560,20260330,91501560,000009.SZ,178938,1,0,8.9,4100
2026-03-30 09:15:01.580,20260330,91501580,000009.SZ,179862,2,0,10.0,2000
2026-03-30 09:15:01.580,20260330,91501580,000009.SZ,179864,2,0,9.95,700
2026-03-30 09:15:01.610,20260330,91501610,000009.SZ,181412,2,0,10.01,100
2026-03-30 09:15:01.620,20260330,91501620,000009.SZ,181776,2,0,9.27,2000
2026-03-30 09:15:01.620,20260330,91501620,000009.SZ,181920,2,0,9.38,1000
2026-03-30 09:15:01.620,20260330,91501620,000009.SZ,181959,2,0,9.9,200
2026-03-30 09:15:01.630,20260330,91501630,000009.SZ,182384,1,0,8.6,10000
2026-03-30 09:15:01.630,20260330,91501630,000009.SZ,182452,2,0,9.38,1000
2026-03-30 09:15:01.660,20260330,91501660,000009.SZ,183469,1,0,9.0,500
2026-03-30 09:15:01.670,20260330,91501670,000009.SZ,184187,2,0,9.69,1300
2026-03-30 09:15:01.670,20260330,91501670,000009.SZ,184229,2,0,9.2,500
2026-03-30 09:15:01.710,20260330,91501710,000009.SZ,185255,2,0,9.3,1500
2026-03-30 09:15:01.710,20260330,91501710,000009.SZ,185256,2,0,9.24,1500
2026-03-30 09:15:01.720,20260330,91501720,000009.SZ,185472,1,0,8.68,2800
2026-03-30 09:15:01.720,20260330,91501720,000009.SZ,185651,1,0,8.81,3000
2026-03-30 09:15:01.720,20260330,91501720,000009.SZ,185707,2,0,9.49,4000
2026-03-30 09:15:01.720,20260330,91501720,000009.SZ,185752,2,0,9.26,300
2026-03-30 09:15:01.720,20260330,91501720,000009.SZ,185753,2,0,9.32,200
2026-03-30 09:15:01.720,20260330,91501720,000009.SZ,185754,2,0,9.38,200
2026-03-30 09:15:01.720,20260330,91501720,000009.SZ,185755,2,0,9.68,200
2026-03-30 09:15:01.730,20260330,91501730,000009.SZ,186194,2,0,9.18,2000
2026-03-30 09:15:01.740,20260330,91501740,000009.SZ,186453,2,0,10.0,17200
2026-03-30 09:15:01.740,20260330,91501740,000009.SZ,186456,2,0,9.44,2000
2026-03-30 09:15:01.740,20260330,91501740,000009.SZ,186459,2,0,9.53,2000
2026-03-30 09:15:01.790,20260330,91501790,000009.SZ,187821,2,0,10.01,2000
2026-03-30 09:15:01.790,20260330,91501790,000009.SZ,188047,1,0,8.9,1100
2026-03-30 09:15:01.810,20260330,91501810,000009.SZ,188775,1,0,8.82,1000
2026-03-30 09:15:01.810,20260330,91501810,000009.SZ,188777,1,0,8.72,1000
2026-03-30 09:15:01.810,20260330,91501810,000009.SZ,188781,1,0,8.62,1500
2026-03-30 09:15:01.870,20260330,91501870,000009.SZ,190660,2,0,10.01,5000
2026-03-30 09:15:01.890,20260330,91501890,000009.SZ,191397,2,0,9.09,600
2026-03-30 09:15:01.900,20260330,91501900,000009.SZ,191860,1,0,9.0,900
2026-03-30 09:15:01.920,20260330,91501920,000009.SZ,193153,2,0,9.09,100
2026-03-30 09:15:01.940,20260330,91501940,000009.SZ,193773,1,0,8.88,200
2026-03-30 09:15:01.960,20260330,91501960,000009.SZ,194577,1,0,8.66,500
2026-03-30 09:15:01.980,20260330,91501980,000009.SZ,195191,2,0,10.01,3000
2026-03-30 09:15:01.980,20260330,91501980,000009.SZ,195478,1,0,8.6,500
2026-03-30 09:15:01.980,20260330,91501980,000009.SZ,195510,2,0,9.98,600
2026-03-30 09:15:02.020,20260330,91502020,000009.SZ,196837,2,0,9.99,1000
2026-03-30 09:15:02.030,20260330,91502030,000009.SZ,197712,2,0,9.48,100
2026-03-30 09:15:02.040,20260330,91502040,000009.SZ,197767,1,0,8.48,700
2026-03-30 09:15:02.040,20260330,91502040,000009.SZ,197831,2,0,9.5,600
2026-03-30 09:15:02.070,20260330,91502070,000009.SZ,199228,2,0,10.0,300
2026-03-30 09:15:02.080,20260330,91502080,000009.SZ,199263,2,0,9.26,2000
2026-03-30 09:15:02.080,20260330,91502080,000009.SZ,199631,2,0,9.33,200
2026-03-30 09:15:02.080,20260330,91502080,000009.SZ,199632,2,0,9.48,200
2026-03-30 09:15:02.080,20260330,91502080,000009.SZ,199634,2,0,9.66,300
2026-03-30 09:15:02.120,20260330,91502120,000009.SZ,200687,1,0,8.8,1300
2026-03-30 09:15:02.140,20260330,91502140,000009.SZ,201366,1,0,8.7,1100
2026-03-30 09:15:02.140,20260330,91502140,000009.SZ,201492,2,0,9.1,100
2026-03-30 09:15:02.140,20260330,91502140,000009.SZ,201559,2,0,10.01,100
2026-03-30 09:15:02.170,20260330,91502170,000009.SZ,201965,2,0,9.43,1000
2026-03-30 09:15:02.170,20260330,91502170,000009.SZ,201978,2,0,9.46,1800
2026-03-30 09:15:02.290,20260330,91502290,000009.SZ,204582,1,0,8.98,500
2026-03-30 09:15:02.290,20260330,91502290,000009.SZ,204759,2,0,10.01,1000
2026-03-30 09:15:02.290,20260330,91502290,000009.SZ,204811,1,0,8.68,1000
2026-03-30 09:15:02.300,20260330,91502300,000009.SZ,205049,2,0,9.99,5000
2026-03-30 09:15:02.310,20260330,91502310,000009.SZ,205530,2,0,9.49,100
2026-03-30 09:15:02.310,20260330,91502310,000009.SZ,205531,2,0,9.99,100
2026-03-30 09:15:02.310,20260330,91502310,000009.SZ,205534,1,0,8.51,100
2026-03-30 09:15:02.310,20260330,91502310,000009.SZ,205653,1,0,9.1,100
2026-03-30 09:15:02.320,20260330,91502320,000009.SZ,205889,1,0,8.72,2000
2026-03-30 09:15:02.330,20260330,91502330,000009.SZ,206219,2,0,9.44,2000
2026-03-30 09:15:02.340,20260330,91502340,000009.SZ,206633,1,0,9.05,1000
2026-03-30 09:15:02.340,20260330,91502340,000009.SZ,206694,1,0,8.48,1000
2026-03-30 09:15:02.390,20260330,91502390,000009.SZ,207587,1,0,8.62,10000
2026-03-30 09:15:02.390,20260330,91502390,000009.SZ,207588,1,0,8.58,10000
2026-03-30 09:15:02.390,20260330,91502390,000009.SZ,207607,1,0,8.9,30000
2026-03-30 09:15:02.430,20260330,91502430,000009.SZ,208164,1,0,9.0,400
2026-03-30 09:15:02.440,20260330,91502440,000009.SZ,208607,1,0,9.1,200
2026-03-30 09:15:02.460,20260330,91502460,000009.SZ,209069,1,0,9.1,1100
2026-03-30 09:15:02.460,20260330,91502460,000009.SZ,209138,1,0,8.9,600
2026-03-30 09:15:02.480,20260330,91502480,000009.SZ,209621,2,0,9.42,300
2026-03-30 09:15:02.490,20260330,91502490,000009.SZ,209811,1,0,9.1,100
2026-03-30 09:15:02.500,20260330,91502500,000009.SZ,210139,2,0,9.46,4000
2026-03-30 09:15:02.510,20260330,91502510,000009.SZ,210623,1,0,8.19,500
2026-03-30 09:15:02.510,20260330,91502510,000009.SZ,210886,2,0,9.52,100
2026-03-30 09:15:02.510,20260330,91502510,000009.SZ,210916,2,0,9.18,2100
2026-03-30 09:15:02.520,20260330,91502520,000009.SZ,211134,2,0,9.84,100
2026-03-30 09:15:02.520,20260330,91502520,000009.SZ,211135,2,0,10.0,100
2026-03-30 09:15:02.530,20260330,91502530,000009.SZ,211526,1,0,8.6,1200
2026-03-30 09:15:02.530,20260330,91502530,000009.SZ,211815,2,0,9.5,1000
2026-03-30 09:15:02.560,20260330,91502560,000009.SZ,212709,2,0,10.01,5000
2026-03-30 09:15:02.560,20260330,91502560,000009.SZ,212719,2,0,10.01,800
2026-03-30 09:15:02.560,20260330,91502560,000009.SZ,212729,1,0,8.19,5000
2026-03-30 09:15:02.570,20260330,91502570,000009.SZ,213015,2,0,10.01,15000
2026-03-30 09:15:02.570,20260330,91502570,000009.SZ,213020,2,0,10.01,14800
2026-03-30 09:15:02.570,20260330,91502570,000009.SZ,213068,2,0,10.01,4500
2026-03-30 09:15:02.680,20260330,91502680,000009.SZ,215705,1,0,8.8,5000
2026-03-30 09:15:02.770,20260330,91502770,000009.SZ,216800,1,0,8.19,1000
2026-03-30 09:15:02.770,20260330,91502770,000009.SZ,216844,2,0,9.05,5200
2026-03-30 09:15:02.800,20260330,91502800,000009.SZ,217219,1,0,9.1,1000
2026-03-30 09:15:02.810,20260330,91502810,000009.SZ,217313,2,0,9.33,500
2026-03-30 09:15:02.810,20260330,91502810,000009.SZ,217314,2,0,9.66,600
2026-03-30 09:15:02.810,20260330,91502810,000009.SZ,217335,2,0,9.96,800
2026-03-30 09:15:02.810,20260330,91502810,000009.SZ,217338,1,0,8.77,400
2026-03-30 09:15:02.830,20260330,91502830,000009.SZ,217738,2,0,10.01,17200
2026-03-30 09:15:02.830,20260330,91502830,000009.SZ,217742,2,0,10.01,2300
2026-03-30 09:15:02.850,20260330,91502850,000009.SZ,217947,2,0,10.0,500
2026-03-30 09:15:02.930,20260330,91502930,000009.SZ,219613,2,0,9.3,8000
2026-03-30 09:15:02.930,20260330,91502930,000009.SZ,219617,1,0,8.5,500
2026-03-30 09:15:02.960,20260330,91502960,000009.SZ,220329,1,0,8.31,200
2026-03-30 09:15:02.990,20260330,91502990,000009.SZ,221008,2,0,9.99,4400
2026-03-30 09:15:03.020,20260330,91503020,000009.SZ,221273,2,0,9.62,2000
2026-03-30 09:15:03.020,20260330,91503020,000009.SZ,221400,2,0,10.01,4900
2026-03-30 09:15:03.020,20260330,91503020,000009.SZ,221504,2,0,10.01,1000
2026-03-30 09:15:03.030,20260330,91503030,000009.SZ,221869,1,0,9.1,200
2026-03-30 09:15:03.040,20260330,91503040,000009.SZ,221959,1,0,9.01,500
2026-03-30 09:15:03.040,20260330,91503040,000009.SZ,221960,1,0,8.98,300
2026-03-30 09:15:03.060,20260330,91503060,000009.SZ,222728,2,0,9.88,3000
2026-03-30 09:15:03.100,20260330,91503100,000009.SZ,223242,2,0,10.0,300
2026-03-30 09:15:03.240,20260330,91503240,000009.SZ,224455,2,0,9.93,3000
2026-03-30 09:15:03.280,20260330,91503280,000009.SZ,224925,1,0,8.56,2000
2026-03-30 09:15:03.380,20260330,91503380,000009.SZ,226090,1,0,8.9,100
2026-03-30 09:15:03.400,20260330,91503400,000009.SZ,226318,2,0,10.01,200
2026-03-30 09:15:03.430,20260330,91503430,000009.SZ,226645,1,0,8.75,100
2026-03-30 09:15:03.430,20260330,91503430,000009.SZ,226646,2,0,9.25,100
2026-03-30 09:15:03.430,20260330,91503430,000009.SZ,226647,2,0,9.5,100
2026-03-30 09:15:03.460,20260330,91503460,000009.SZ,227230,2,0,9.4,500
2026-03-30 09:15:03.470,20260330,91503470,000009.SZ,227356,2,0,10.01,100
2026-03-30 09:15:03.480,20260330,91503480,000009.SZ,227424,1,0,8.91,2500
2026-03-30 09:15:03.510,20260330,91503510,000009.SZ,227930,2,0,10.01,100
2026-03-30 09:15:03.520,20260330,91503520,000009.SZ,228211,2,0,9.76,500
2026-03-30 09:15:03.520,20260330,91503520,000009.SZ,228275,2,0,9.9,500
2026-03-30 09:15:03.530,20260330,91503530,000009.SZ,228456,1,0,8.33,2000
2026-03-30 09:15:03.530,20260330,91503530,000009.SZ,228460,2,0,9.57,2000
2026-03-30 09:15:03.530,20260330,91503530,000009.SZ,228623,1,0,8.29,200
2026-03-30 09:15:03.540,20260330,91503540,000009.SZ,228715,1,0,8.98,6000
2026-03-30 09:15:03.590,20260330,91503590,000009.SZ,229680,1,0,8.19,3000
2026-03-30 09:15:03.600,20260330,91503600,000009.SZ,229909,1,0,8.19,2500
2026-03-30 09:15:03.670,20260330,91503670,000009.SZ,230376,2,0,10.01,1900
2026-03-30 09:15:03.670,20260330,91503670,000009.SZ,230378,2,0,10.01,1400
2026-03-30 09:15:03.820,20260330,91503820,000009.SZ,231418,2,0,10.0,1000
2026-03-30 09:15:03.870,20260330,91503870,000009.SZ,231819,1,0,8.81,2500
2026-03-30 09:15:03.880,20260330,91503880,000009.SZ,232084,2,0,9.83,500
2026-03-30 09:15:03.900,20260330,91503900,000009.SZ,232258,1,0,8.4,1000
2026-03-30 09:15:03.900,20260330,91503900,000009.SZ,232259,2,0,9.29,1400
2026-03-30 09:15:03.900,20260330,91503900,000009.SZ,232466,2,0,9.99,200
2026-03-30 09:15:03.900,20260330,91503900,000009.SZ,232468,2,0,9.09,600
2026-03-30 09:15:03.940,20260330,91503940,000009.SZ,233140,2,0,9.1,100
2026-03-30 09:15:03.950,20260330,91503950,000009.SZ,233264,2,0,10.0,1000
2026-03-30 09:15:04.000,20260330,91504000,000009.SZ,233655,1,0,8.92,1000
2026-03-30 09:15:04.000,20260330,91504000,000009.SZ,233660,2,0,9.21,1000
2026-03-30 09:15:04.110,20260330,91504110,000009.SZ,235047,2,0,10.0,2000
2026-03-30 09:15:04.190,20260330,91504190,000009.SZ,235284,2,0,9.0,10000
2026-03-30 09:15:04.210,20260330,91504210,000009.SZ,235341,2,0,9.35,900
2026-03-30 09:15:04.240,20260330,91504240,000009.SZ,235459,2,0,9.4,200
2026-03-30 09:15:04.360,20260330,91504360,000009.SZ,236115,2,0,10.01,2000
2026-03-30 09:15:04.400,20260330,91504400,000009.SZ,236497,1,0,8.19,1000
2026-03-30 09:15:04.430,20260330,91504430,000009.SZ,236767,2,0,9.29,100
2026-03-30 09:15:04.460,20260330,91504460,000009.SZ,237070,2,0,10.0,4000
2026-03-30 09:15:04.490,20260330,91504490,000009.SZ,237415,2,0,10.01,2500
2026-03-30 09:15:04.500,20260330,91504500,000009.SZ,237558,2,0,10.01,900
2026-03-30 09:15:04.520,20260330,91504520,000009.SZ,237904,2,0,10.01,1500
2026-03-30 09:15:04.550,20260330,91504550,000009.SZ,238472,1,0,8.4,1200
2026-03-30 09:15:04.560,20260330,91504560,000009.SZ,238546,2,0,9.9,200
2026-03-30 09:15:04.860,20260330,91504860,000009.SZ,239409,1,0,8.5,1200
2026-03-30 09:15:04.860,20260330,91504860,000009.SZ,239440,1,0,8.72,500
2026-03-30 09:15:04.870,20260330,91504870,000009.SZ,239447,1,0,8.85,500
2026-03-30 09:15:05.080,20260330,91505080,000009.SZ,241072,2,0,10.01,500
2026-03-30 09:15:05.200,20260330,91505200,000009.SZ,241460,2,0,9.95,2200
2026-03-30 09:15:05.320,20260330,91505320,000009.SZ,241873,1,0,8.9,15000
2026-03-30 09:15:05.370,20260330,91505370,000009.SZ,242141,1,0,8.31,1200
2026-03-30 09:15:05.870,20260330,91505870,000009.SZ,243485,2,0,9.39,1300
2026-03-30 09:15:06.090,20260330,91506090,000009.SZ,244106,2,0,10.0,2400
2026-03-30 09:15:06.090,20260330,91506090,000009.SZ,244116,2,0,9.25,800
2026-03-30 09:15:06.090,20260330,91506090,000009.SZ,244122,2,0,9.3,800
2026-03-30 09:15:06.090,20260330,91506090,000009.SZ,244124,2,0,9.4,800
2026-03-30 09:15:06.090,20260330,91506090,000009.SZ,244126,2,0,9.5,1000
2026-03-30 09:15:06.090,20260330,91506090,000009.SZ,244128,2,0,9.6,1000
2026-03-30 09:15:07.100,20260330,91507100,000009.SZ,245192,2,0,9.9,2000
2026-03-30 09:15:08.760,20260330,91508760,000009.SZ,245824,2,0,9.6,3000
2026-03-30 09:15:09.680,20260330,91509680,000009.SZ,245995,2,0,10.01,1000
2026-03-30 09:15:10.000,20260330,91510000,000009.SZ,246037,2,0,8.19,600
2026-03-30 09:15:12.270,20260330,91512270,000009.SZ,246481,1,0,9.04,200
2026-03-30 09:15:12.500,20260330,91512500,000009.SZ,246513,2,0,9.18,200
2026-03-30 09:15:23.540,20260330,91523540,000009.SZ,248408,2,0,9.05,600
2026-03-30 09:15:28.300,20260330,91528300,000009.SZ,249410,1,0,8.99,100
2026-03-30 09:15:28.300,20260330,91528300,000009.SZ,249411,2,0,9.19,100
2026-03-30 09:15:32.960,20260330,91532960,000009.SZ,250271,2,0,9.1,500
2026-03-30 09:15:35.410,20260330,91535410,000009.SZ,250811,1,0,9.05,1100
2026-03-30 09:15:36.150,20260330,91536150,000009.SZ,250937,1,0,9.05,100
2026-03-30 09:15:36.150,20260330,91536150,000009.SZ,250938,1,0,9.05,100
2026-03-30 09:15:36.150,20260330,91536150,000009.SZ,250941,1,0,9.05,100
2026-03-30 09:15:36.160,20260330,91536160,000009.SZ,250942,1,0,9.05,100
2026-03-30 09:15:36.180,20260330,91536180,000009.SZ,250951,1,0,9.05,100
2026-03-30 09:15:36.180,20260330,91536180,000009.SZ,250952,1,0,9.05,100
2026-03-30 09:15:37.240,20260330,91537240,000009.SZ,251202,2,0,9.3,100
2026-03-30 09:15:37.280,20260330,91537280,000009.SZ,251212,1,0,8.5,100
2026-03-30 09:15:39.860,20260330,91539860,000009.SZ,251698,2,0,9.3,2000
2026-03-30 09:15:43.690,20260330,91543690,000009.SZ,252580,1,0,8.5,56000
2026-03-30 09:15:44.170,20260330,91544170,000009.SZ,252680,1,0,9.0,200
2026-03-30 09:15:47.270,20260330,91547270,000009.SZ,253424,2,0,9.23,200
2026-03-30 09:15:47.270,20260330,91547270,000009.SZ,253425,1,0,8.94,200
2026-03-30 09:15:48.690,20260330,91548690,000009.SZ,253744,1,0,8.91,3000
2026-03-30 09:15:48.690,20260330,91548690,000009.SZ,253747,1,0,8.85,5000
2026-03-30 09:15:51.300,20260330,91551300,000009.SZ,254450,1,0,8.71,1000
2026-03-30 09:15:51.300,20260330,91551300,000009.SZ,254451,2,0,9.36,1000
2026-03-30 09:15:57.410,20260330,91557410,000009.SZ,256056,1,0,8.21,1000
2026-03-30 09:15:59.190,20260330,91559190,000009.SZ,256480,2,0,9.31,100
2026-03-30 09:16:02.610,20260330,91602610,000009.SZ,257370,2,0,9.15,100
2026-03-30 09:16:08.110,20260330,91608110,000009.SZ,258788,2,0,9.25,2000
2026-03-30 09:16:08.610,20260330,91608610,000009.SZ,258904,2,0,9.2,100
2026-03-30 09:16:10.260,20260330,91610260,000009.SZ,259282,2,0,9.33,200
2026-03-30 09:16:14.680,20260330,91614680,000009.SZ,260405,2,0,9.25,100
2026-03-30 09:16:15.260,20260330,91615260,000009.SZ,260542,2,0,10.0,5500
2026-03-30 09:16:17.730,20260330,91617730,000009.SZ,261156,2,0,10.0,4000
2026-03-30 09:16:19.300,20260330,91619300,000009.SZ,261525,2,0,9.29,800
2026-03-30 09:16:19.500,20260330,91619500,000009.SZ,261565,2,0,9.1,500
2026-03-30 09:16:20.750,20260330,91620750,000009.SZ,261871,2,0,9.3,100
2026-03-30 09:16:21.020,20260330,91621020,000009.SZ,261940,2,0,9.24,1200
2026-03-30 09:16:21.040,20260330,91621040,000009.SZ,261947,1,0,8.78,500
2026-03-30 09:16:25.890,20260330,91625890,000009.SZ,263109,1,0,8.96,1000
2026-03-30 09:16:26.800,20260330,91626800,000009.SZ,263360,2,0,9.35,100
2026-03-30 09:16:32.680,20260330,91632680,000009.SZ,264986,2,0,9.99,500
2026-03-30 09:16:33.390,20260330,91633390,000009.SZ,265181,1,0,9.05,100
2026-03-30 09:16:36.260,20260330,91636260,000009.SZ,265887,1,0,8.38,200
2026-03-30 09:16:37.450,20260330,91637450,000009.SZ,266201,2,0,10.0,100
2026-03-30 09:16:39.140,20260330,91639140,000009.SZ,266645,2,0,9.28,800
2026-03-30 09:16:39.550,20260330,91639550,000009.SZ,266767,1,0,9.0,100
2026-03-30 09:16:40.140,20260330,91640140,000009.SZ,266956,1,0,10.01,100
2026-03-30 09:16:44.560,20260330,91644560,000009.SZ,268034,1,0,9.0,1000
2026-03-30 09:16:45.550,20260330,91645550,000009.SZ,268316,1,0,8.96,100
2026-03-30 09:16:46.650,20260330,91646650,000009.SZ,268597,2,0,10.01,1700
2026-03-30 09:16:53.250,20260330,91653250,000009.SZ,270477,1,0,8.48,1500
2026-03-30 09:16:53.280,20260330,91653280,000009.SZ,270487,1,0,8.6,800
2026-03-30 09:16:56.670,20260330,91656670,000009.SZ,271451,2,0,9.8,500
2026-03-30 09:16:59.090,20260330,91659090,000009.SZ,272149,1,0,8.2,100
2026-03-30 09:17:00.550,20260330,91700550,000009.SZ,272554,1,0,8.81,1000
2026-03-30 09:17:02.220,20260330,91702220,000009.SZ,273049,2,0,10.0,7100
2026-03-30 09:17:03.160,20260330,91703160,000009.SZ,273319,2,0,9.4,2000
2026-03-30 09:17:06.500,20260330,91706500,000009.SZ,274255,2,0,10.01,2000
2026-03-30 09:17:08.000,20260330,91708000,000009.SZ,274671,1,0,9.04,2100
2026-03-30 09:17:08.330,20260330,91708330,000009.SZ,274758,1,0,9.05,500
2026-03-30 09:17:09.260,20260330,91709260,000009.SZ,275014,1,0,8.85,100
2026-03-30 09:17:11.730,20260330,91711730,000009.SZ,275738,1,0,9.01,200
2026-03-30 09:17:14.680,20260330,91714680,000009.SZ,276582,1,0,8.9,100
2026-03-30 09:17:18.030,20260330,91718030,000009.SZ,277547,2,0,9.58,400
2026-03-30 09:17:18.460,20260330,91718460,000009.SZ,277687,2,0,9.28,1900
2026-03-30 09:17:21.630,20260330,91721630,000009.SZ,278736,2,0,9.3,600
2026-03-30 09:17:21.850,20260330,91721850,000009.SZ,278805,2,0,9.36,1000
2026-03-30 09:17:22.830,20260330,91722830,000009.SZ,279096,2,0,9.12,500
2026-03-30 09:17:27.170,20260330,91727170,000009.SZ,280462,1,0,8.19,3000
2026-03-30 09:17:34.130,20260330,91734130,000009.SZ,282746,1,0,8.91,1000
2026-03-30 09:17:35.960,20260330,91735960,000009.SZ,283398,2,0,10.01,3600
2026-03-30 09:17:41.090,20260330,91741090,000009.SZ,285197,2,0,9.91,2700
2026-03-30 09:17:41.150,20260330,91741150,000009.SZ,285211,2,0,9.51,2000
2026-03-30 09:17:42.280,20260330,91742280,000009.SZ,285563,2,0,10.01,100
2026-03-30 09:17:42.520,20260330,91742520,000009.SZ,285648,1,0,8.2,100
2026-03-30 09:17:45.440,20260330,91745440,000009.SZ,286716,2,0,10.01,4000
2026-03-30 09:17:47.010,20260330,91747010,000009.SZ,287258,2,0,9.26,5700
2026-03-30 09:17:47.040,20260330,91747040,000009.SZ,287272,2,0,9.79,2000
2026-03-30 09:17:50.320,20260330,91750320,000009.SZ,288501,2,0,9.22,4800
2026-03-30 09:17:51.420,20260330,91751420,000009.SZ,288859,1,0,8.95,28000
2026-03-30 09:17:51.720,20260330,91751720,000009.SZ,288964,2,0,9.69,1500
2026-03-30 09:17:54.360,20260330,91754360,000009.SZ,289925,1,0,8.85,1000
2026-03-30 09:17:56.570,20260330,91756570,000009.SZ,290702,2,0,9.59,1100
2026-03-30 09:17:56.620,20260330,91756620,000009.SZ,290717,2,0,9.66,5500
2026-03-30 09:17:57.510,20260330,91757510,000009.SZ,291003,2,0,9.33,10000
2026-03-30 09:18:03.890,20260330,91803890,000009.SZ,293336,2,0,9.52,1000
2026-03-30 09:18:07.120,20260330,91807120,000009.SZ,294493,2,0,9.44,5000
2026-03-30 09:18:08.160,20260330,91808160,000009.SZ,294868,2,0,9.47,1000
2026-03-30 09:18:13.550,20260330,91813550,000009.SZ,296845,2,0,9.39,800
2026-03-30 09:18:14.350,20260330,91814350,000009.SZ,297121,2,0,9.45,5000
2026-03-30 09:18:17.560,20260330,91817560,000009.SZ,298293,2,0,9.33,800
2026-03-30 09:18:22.200,20260330,91822200,000009.SZ,300071,1,0,8.2,1000
2026-03-30 09:18:26.500,20260330,91826500,000009.SZ,301571,1,0,8.83,300
2026-03-30 09:18:28.800,20260330,91828800,000009.SZ,302403,1,0,9.04,6000
2026-03-30 09:18:31.030,20260330,91831030,000009.SZ,303245,2,0,9.84,5000
2026-03-30 09:18:32.310,20260330,91832310,000009.SZ,303705,2,0,10.0,500
2026-03-30 09:18:34.490,20260330,91834490,000009.SZ,304448,1,0,8.91,1000
2026-03-30 09:18:35.270,20260330,91835270,000009.SZ,304716,2,0,9.15,200
2026-03-30 09:18:38.970,20260330,91838970,000009.SZ,305995,1,0,8.98,8000
2026-03-30 09:18:39.010,20260330,91839010,000009.SZ,306007,2,0,9.13,1500
2026-03-30 09:18:40.750,20260330,91840750,000009.SZ,306604,2,0,9.14,10600
2026-03-30 09:18:43.060,20260330,91843060,000009.SZ,307455,1,0,8.2,3000
2026-03-30 09:18:49.150,20260330,91849150,000009.SZ,309643,2,0,9.35,1500
2026-03-30 09:18:51.140,20260330,91851140,000009.SZ,310341,1,0,8.84,2400
2026-03-30 09:18:52.360,20260330,91852360,000009.SZ,310785,1,0,8.82,1000
2026-03-30 09:18:57.860,20260330,91857860,000009.SZ,312722,2,0,9.99,3000
2026-03-30 09:19:01.690,20260330,91901690,000009.SZ,314055,2,0,9.35,3300
2026-03-30 09:19:01.750,20260330,91901750,000009.SZ,314073,1,0,9.05,100
2026-03-30 09:19:08.960,20260330,91908960,000009.SZ,316767,1,0,8.2,5000
2026-03-30 09:19:09.740,20260330,91909740,000009.SZ,317051,1,0,8.85,1000
2026-03-30 09:19:09.890,20260330,91909890,000009.SZ,317102,2,0,9.4,2000
2026-03-30 09:19:13.240,20260330,91913240,000009.SZ,318335,2,0,9.2,1000
2026-03-30 09:19:13.480,20260330,91913480,000009.SZ,318428,2,0,9.05,3000
2026-03-30 09:19:19.430,20260330,91919430,000009.SZ,320749,1,0,8.88,200
2026-03-30 09:19:19.760,20260330,91919760,000009.SZ,320854,2,0,9.0,2000
2026-03-30 09:19:20.860,20260330,91920860,000009.SZ,321309,2,0,9.05,300
2026-03-30 09:19:25.290,20260330,91925290,000009.SZ,323023,2,0,9.69,5000
2026-03-30 09:19:26.200,20260330,91926200,000009.SZ,323367,1,0,9.07,1900
2026-03-30 09:19:28.190,20260330,91928190,000009.SZ,324163,2,0,9.27,5000
2026-03-30 09:19:29.740,20260330,91929740,000009.SZ,324775,2,0,9.15,800
2026-03-30 09:19:37.560,20260330,91937560,000009.SZ,327952,2,0,9.35,300
2026-03-30 09:19:37.920,20260330,91937920,000009.SZ,328080,1,0,8.96,1200
2026-03-30 09:19:38.380,20260330,91938380,000009.SZ,328260,1,0,8.97,2000
2026-03-30 09:19:39.350,20260330,91939350,000009.SZ,328634,2,0,9.19,500
2026-03-30 09:19:40.200,20260330,91940200,000009.SZ,328960,2,0,10.01,2000
2026-03-30 09:19:47.110,20260330,91947110,000009.SZ,331963,1,0,8.68,2000
2026-03-30 09:19:52.860,20260330,91952860,000009.SZ,334642,2,0,9.8,4300
2026-03-30 09:19:53.530,20260330,91953530,000009.SZ,334928,1,0,8.78,300
2026-03-30 09:19:55.960,20260330,91955960,000009.SZ,335917,2,0,9.39,1500
2026-03-30 09:19:57.320,20260330,91957320,000009.SZ,336472,2,0,9.3,1000
2026-03-30 09:20:00.180,20260330,92000180,000009.SZ,337644,1,0,9.55,100
2026-03-30 09:20:00.190,20260330,92000190,000009.SZ,337652,2,0,8.65,100
2026-03-30 09:20:00.250,20260330,92000250,000009.SZ,337679,2,0,8.65,100
2026-03-30 09:20:00.540,20260330,92000540,000009.SZ,337781,1,0,8.2,1000
2026-03-30 09:20:07.100,20260330,92007100,000009.SZ,340613,2,0,9.8,2000
2026-03-30 09:20:07.320,20260330,92007320,000009.SZ,340686,2,0,9.69,1000
2026-03-30 09:20:07.820,20260330,92007820,000009.SZ,340842,2,0,9.6,2000
2026-03-30 09:20:08.310,20260330,92008310,000009.SZ,341004,2,0,10.01,200
2026-03-30 09:20:09.810,20260330,92009810,000009.SZ,341546,1,0,8.83,2000
2026-03-30 09:20:10.330,20260330,92010330,000009.SZ,341725,1,0,9.05,200
2026-03-30 09:20:12.350,20260330,92012350,000009.SZ,342476,1,0,9.1,1100
2026-03-30 09:20:20.770,20260330,92020770,000009.SZ,345454,2,0,9.15,3000
2026-03-30 09:20:21.290,20260330,92021290,000009.SZ,345613,1,0,9.05,4000
2026-03-30 09:20:23.140,20260330,92023140,000009.SZ,346249,1,0,8.98,2000
2026-03-30 09:20:24.630,20260330,92024630,000009.SZ,346715,2,0,9.42,1000
2026-03-30 09:20:25.260,20260330,92025260,000009.SZ,346934,2,0,10.01,400
2026-03-30 09:20:25.670,20260330,92025670,000009.SZ,347077,2,0,9.65,500
2026-03-30 09:20:27.090,20260330,92027090,000009.SZ,347535,2,0,9.4,500
2026-03-30 09:20:27.600,20260330,92027600,000009.SZ,347720,2,0,9.38,1100
2026-03-30 09:20:28.700,20260330,92028700,000009.SZ,348118,2,0,9.73,500
2026-03-30 09:20:28.770,20260330,92028770,000009.SZ,348150,2,0,9.05,500
2026-03-30 09:20:28.860,20260330,92028860,000009.SZ,348187,2,0,9.37,600
2026-03-30 09:20:32.380,20260330,92032380,000009.SZ,349393,1,0,8.91,1000
2026-03-30 09:20:32.390,20260330,92032390,000009.SZ,349397,1,0,8.98,1000
2026-03-30 09:20:36.530,20260330,92036530,000009.SZ,350785,2,0,9.44,9300
2026-03-30 09:20:37.620,20260330,92037620,000009.SZ,351183,2,0,10.01,1100
2026-03-30 09:20:40.520,20260330,92040520,000009.SZ,352180,2,0,9.15,600
2026-03-30 09:20:42.500,20260330,92042500,000009.SZ,352864,2,0,9.3,300
2026-03-30 09:20:48.920,20260330,92048920,000009.SZ,355073,2,0,9.34,8000
2026-03-30 09:20:49.100,20260330,92049100,000009.SZ,355144,2,0,8.19,1900
2026-03-30 09:20:49.410,20260330,92049410,000009.SZ,355282,1,0,8.95,1000
2026-03-30 09:20:49.650,20260330,92049650,000009.SZ,355354,2,0,9.3,200
2026-03-30 09:20:50.520,20260330,92050520,000009.SZ,355660,1,0,8.99,2300
2026-03-30 09:20:50.950,20260330,92050950,000009.SZ,355830,2,0,9.07,9000
2026-03-30 09:20:54.500,20260330,92054500,000009.SZ,357039,1,0,8.2,10000
2026-03-30 09:20:55.840,20260330,92055840,000009.SZ,357532,2,0,10.0,1000
2026-03-30 09:20:58.650,20260330,92058650,000009.SZ,358525,2,0,9.24,7000
2026-03-30 09:21:01.630,20260330,92101630,000009.SZ,360517,2,0,9.65,1100
2026-03-30 09:21:02.610,20260330,92102610,000009.SZ,361068,2,0,9.19,600
2026-03-30 09:21:04.060,20260330,92104060,000009.SZ,361682,2,0,9.32,2500
2026-03-30 09:21:12.400,20260330,92112400,000009.SZ,364905,2,0,9.05,800
2026-03-30 09:21:14.040,20260330,92114040,000009.SZ,365564,1,0,8.98,2000
2026-03-30 09:21:15.130,20260330,92115130,000009.SZ,365960,2,0,9.9,1100
2026-03-30 09:21:17.020,20260330,92117020,000009.SZ,366664,1,0,9.05,300
2026-03-30 09:21:17.790,20260330,92117790,000009.SZ,366938,1,0,8.99,1000
2026-03-30 09:21:17.970,20260330,92117970,000009.SZ,367009,2,0,9.45,1000
2026-03-30 09:21:18.850,20260330,92118850,000009.SZ,367345,1,0,9.05,1200
2026-03-30 09:21:20.170,20260330,92120170,000009.SZ,367811,2,0,9.59,200
2026-03-30 09:21:21.630,20260330,92121630,000009.SZ,368378,2,0,10.01,500
2026-03-30 09:21:25.980,20260330,92125980,000009.SZ,370066,2,0,9.99,1600
2026-03-30 09:21:27.720,20260330,92127720,000009.SZ,370704,1,0,9.05,2000
2026-03-30 09:21:28.840,20260330,92128840,000009.SZ,371107,2,0,9.8,1100
2026-03-30 09:21:31.760,20260330,92131760,000009.SZ,372313,2,0,9.09,600
2026-03-30 09:21:32.810,20260330,92132810,000009.SZ,372671,2,0,9.25,9800
2026-03-30 09:21:34.870,20260330,92134870,000009.SZ,373465,2,0,9.7,3100
2026-03-30 09:21:38.160,20260330,92138160,000009.SZ,374814,1,0,8.82,500
2026-03-30 09:21:41.180,20260330,92141180,000009.SZ,376032,2,0,9.99,300
2026-03-30 09:21:43.900,20260330,92143900,000009.SZ,377081,2,0,8.19,1000
2026-03-30 09:21:43.940,20260330,92143940,000009.SZ,377100,1,0,8.9,100
2026-03-30 09:21:45.040,20260330,92145040,000009.SZ,377504,1,0,8.93,200
2026-03-30 09:21:45.060,20260330,92145060,000009.SZ,377523,2,0,8.19,2000
2026-03-30 09:21:45.790,20260330,92145790,000009.SZ,377811,2,0,9.7,1100
2026-03-30 09:21:48.360,20260330,92148360,000009.SZ,378891,1,0,8.97,1000
2026-03-30 09:21:50.400,20260330,92150400,000009.SZ,379739,2,0,9.15,1000
2026-03-30 09:21:51.610,20260330,92151610,000009.SZ,380243,1,0,9.05,200
2026-03-30 09:21:52.160,20260330,92152160,000009.SZ,380456,1,0,9.05,100
2026-03-30 09:21:53.540,20260330,92153540,000009.SZ,380986,2,0,9.98,8000
2026-03-30 09:21:55.280,20260330,92155280,000009.SZ,381634,1,0,8.91,600
2026-03-30 09:21:58.280,20260330,92158280,000009.SZ,382899,1,0,8.75,1000
2026-03-30 09:22:04.900,20260330,92204900,000009.SZ,385519,1,0,9.05,400
2026-03-30 09:22:05.710,20260330,92205710,000009.SZ,385827,2,0,9.02,2500
2026-03-30 09:22:06.530,20260330,92206530,000009.SZ,386153,2,0,9.21,10000
2026-03-30 09:22:06.570,20260330,92206570,000009.SZ,386178,2,0,9.99,500
2026-03-30 09:22:07.680,20260330,92207680,000009.SZ,386697,2,0,9.25,1000
2026-03-30 09:22:07.780,20260330,92207780,000009.SZ,386744,2,0,9.66,100
2026-03-30 09:22:09.140,20260330,92209140,000009.SZ,387273,2,0,10.0,10000
2026-03-30 09:22:09.260,20260330,92209260,000009.SZ,387320,2,0,9.6,100
2026-03-30 09:22:11.130,20260330,92211130,000009.SZ,388110,1,0,8.86,500
2026-03-30 09:22:11.450,20260330,92211450,000009.SZ,388252,2,0,10.0,500
2026-03-30 09:22:11.510,20260330,92211510,000009.SZ,388276,2,0,9.36,5700
2026-03-30 09:22:11.810,20260330,92211810,000009.SZ,388391,2,0,10.01,500
2026-03-30 09:22:12.120,20260330,92212120,000009.SZ,388534,1,0,8.91,1000
2026-03-30 09:22:12.270,20260330,92212270,000009.SZ,388596,2,0,9.03,2000
2026-03-30 09:22:15.010,20260330,92215010,000009.SZ,389802,2,0,9.25,1000
2026-03-30 09:22:16.030,20260330,92216030,000009.SZ,390248,1,0,8.8,500
2026-03-30 09:22:16.470,20260330,92216470,000009.SZ,390445,1,0,8.75,1000
2026-03-30 09:22:18.680,20260330,92218680,000009.SZ,391413,2,0,10.0,700
2026-03-30 09:22:22.050,20260330,92222050,000009.SZ,392838,2,0,9.04,11300
2026-03-30 09:22:23.780,20260330,92223780,000009.SZ,393619,2,0,9.35,1000
2026-03-30 09:22:24.280,20260330,92224280,000009.SZ,393858,2,0,9.67,2700
2026-03-30 09:22:25.690,20260330,92225690,000009.SZ,394478,2,0,9.0,1500
2026-03-30 09:22:28.050,20260330,92228050,000009.SZ,395549,2,0,10.01,1000
2026-03-30 09:22:29.040,20260330,92229040,000009.SZ,396012,1,0,8.81,500
2026-03-30 09:22:29.720,20260330,92229720,000009.SZ,396332,1,0,8.81,1000
2026-03-30 09:22:35.790,20260330,92235790,000009.SZ,399195,2,0,9.6,1100
2026-03-30 09:22:35.870,20260330,92235870,000009.SZ,399242,2,0,9.06,2500
2026-03-30 09:22:35.950,20260330,92235950,000009.SZ,399275,2,0,9.79,300
2026-03-30 09:22:38.660,20260330,92238660,000009.SZ,400442,2,0,10.01,1500
2026-03-30 09:22:40.530,20260330,92240530,000009.SZ,401330,1,0,8.73,1200
2026-03-30 09:22:44.430,20260330,92244430,000009.SZ,403180,2,0,9.3,600
2026-03-30 09:22:46.100,20260330,92246100,000009.SZ,403951,2,0,9.7,5000
2026-03-30 09:22:50.710,20260330,92250710,000009.SZ,406066,2,0,9.2,7500
2026-03-30 09:22:53.230,20260330,92253230,000009.SZ,407232,2,0,9.68,500
2026-03-30 09:22:53.920,20260330,92253920,000009.SZ,407579,1,0,8.68,1100
2026-03-30 09:22:56.120,20260330,92256120,000009.SZ,408534,2,0,9.1,2000
2026-03-30 09:22:56.350,20260330,92256350,000009.SZ,408650,2,0,9.8,5000
2026-03-30 09:22:59.220,20260330,92259220,000009.SZ,409964,1,0,8.3,1000
2026-03-30 09:22:59.770,20260330,92259770,000009.SZ,410225,2,0,9.45,300
2026-03-30 09:23:01.530,20260330,92301530,000009.SZ,411166,2,0,9.19,100
2026-03-30 09:23:04.570,20260330,92304570,000009.SZ,412621,1,0,9.01,1800
2026-03-30 09:23:09.590,20260330,92309590,000009.SZ,415199,2,0,9.95,400
2026-03-30 09:23:10.070,20260330,92310070,000009.SZ,415429,2,0,10.0,3400
2026-03-30 09:23:13.770,20260330,92313770,000009.SZ,417330,2,0,8.19,100
2026-03-30 09:23:14.860,20260330,92314860,000009.SZ,417903,2,0,9.3,500
2026-03-30 09:23:15.680,20260330,92315680,000009.SZ,418292,2,0,9.15,200
2026-03-30 09:23:15.890,20260330,92315890,000009.SZ,418408,1,0,9.04,1000
2026-03-30 09:23:16.580,20260330,92316580,000009.SZ,418746,2,0,8.9,2300
2026-03-30 09:23:21.450,20260330,92321450,000009.SZ,421362,1,0,8.86,400
2026-03-30 09:23:22.690,20260330,92322690,000009.SZ,422060,2,0,9.21,9800
2026-03-30 09:23:22.760,20260330,92322760,000009.SZ,422095,2,0,8.19,1200
2026-03-30 09:23:24.450,20260330,92324450,000009.SZ,423046,2,0,9.25,1300
2026-03-30 09:23:24.910,20260330,92324910,000009.SZ,423292,1,0,9.0,1000
2026-03-30 09:23:27.060,20260330,92327060,000009.SZ,424412,1,0,9.1,2300
2026-03-30 09:23:28.360,20260330,92328360,000009.SZ,425098,2,0,9.33,2000
2026-03-30 09:23:29.530,20260330,92329530,000009.SZ,425772,1,0,9.04,500
2026-03-30 09:23:32.680,20260330,92332680,000009.SZ,427505,1,0,9.05,1000
2026-03-30 09:23:32.910,20260330,92332910,000009.SZ,427614,2,0,9.99,4600
2026-03-30 09:23:34.980,20260330,92334980,000009.SZ,428721,2,0,9.03,2000
2026-03-30 09:23:35.730,20260330,92335730,000009.SZ,429138,2,0,9.04,1900
2026-03-30 09:23:36.580,20260330,92336580,000009.SZ,429649,2,0,9.41,200
2026-03-30 09:23:36.900,20260330,92336900,000009.SZ,429816,1,0,9.04,100
2026-03-30 09:23:38.830,20260330,92338830,000009.SZ,430936,1,0,8.8,500
2026-03-30 09:23:39.180,20260330,92339180,000009.SZ,431121,1,0,8.9,800
2026-03-30 09:23:40.570,20260330,92340570,000009.SZ,431917,2,0,10.01,100
2026-03-30 09:23:40.640,20260330,92340640,000009.SZ,431954,2,0,9.61,1000
2026-03-30 09:23:42.110,20260330,92342110,000009.SZ,432763,1,0,9.0,100
2026-03-30 09:23:45.000,20260330,92345000,000009.SZ,434425,1,0,9.06,200
2026-03-30 09:23:46.060,20260330,92346060,000009.SZ,435147,2,0,9.42,600
2026-03-30 09:23:46.280,20260330,92346280,000009.SZ,435248,1,0,8.95,600
2026-03-30 09:23:48.540,20260330,92348540,000009.SZ,436685,1,0,9.06,300
2026-03-30 09:23:49.070,20260330,92349070,000009.SZ,436991,1,0,8.93,60100
2026-03-30 09:23:51.630,20260330,92351630,000009.SZ,438509,1,0,8.98,1300
2026-03-30 09:23:51.830,20260330,92351830,000009.SZ,438630,2,0,9.56,300
2026-03-30 09:23:52.940,20260330,92352940,000009.SZ,439288,2,0,10.0,20000
2026-03-30 09:23:53.370,20260330,92353370,000009.SZ,439524,1,0,9.05,1000
2026-03-30 09:23:58.410,20260330,92358410,000009.SZ,442487,1,0,8.94,500
2026-03-30 09:23:59.170,20260330,92359170,000009.SZ,442964,1,0,9.04,200
2026-03-30 09:23:59.470,20260330,92359470,000009.SZ,443130,2,0,9.39,1000
2026-03-30 09:24:00.450,20260330,92400450,000009.SZ,443933,2,0,9.19,100
2026-03-30 09:24:03.030,20260330,92403030,000009.SZ,445656,2,0,9.93,1700
2026-03-30 09:24:05.050,20260330,92405050,000009.SZ,447124,2,0,10.0,1000
2026-03-30 09:24:06.060,20260330,92406060,000009.SZ,447845,2,0,9.28,5000
2026-03-30 09:24:06.930,20260330,92406930,000009.SZ,448464,2,0,9.5,1600
2026-03-30 09:24:07.620,20260330,92407620,000009.SZ,448970,2,0,9.54,800
2026-03-30 09:24:10.310,20260330,92410310,000009.SZ,450962,1,0,8.93,41800
2026-03-30 09:24:12.930,20260330,92412930,000009.SZ,453087,2,0,9.2,6000
2026-03-30 09:24:13.720,20260330,92413720,000009.SZ,453724,2,0,8.91,7700
2026-03-30 09:24:14.030,20260330,92414030,000009.SZ,453968,2,0,9.56,5000
2026-03-30 09:24:15.740,20260330,92415740,000009.SZ,455345,1,0,9.04,2000
2026-03-30 09:24:17.650,20260330,92417650,000009.SZ,457058,1,0,8.94,300
2026-03-30 09:24:19.240,20260330,92419240,000009.SZ,458460,2,0,9.33,40000
2026-03-30 09:24:22.890,20260330,92422890,000009.SZ,461742,2,0,9.04,1000
2026-03-30 09:24:23.760,20260330,92423760,000009.SZ,462524,2,0,9.28,300
2026-03-30 09:24:24.400,20260330,92424400,000009.SZ,463120,1,0,9.2,4000
2026-03-30 09:24:25.810,20260330,92425810,000009.SZ,464314,1,0,8.93,5000
2026-03-30 09:24:26.070,20260330,92426070,000009.SZ,464547,1,0,8.95,1000
2026-03-30 09:24:27.620,20260330,92427620,000009.SZ,465988,1,0,9.0,500
2026-03-30 09:24:27.720,20260330,92427720,000009.SZ,466074,2,0,9.88,800
2026-03-30 09:24:27.920,20260330,92427920,000009.SZ,466283,2,0,9.05,500
2026-03-30 09:24:28.850,20260330,92428850,000009.SZ,467166,1,0,8.91,3000
2026-03-30 09:24:30.770,20260330,92430770,000009.SZ,469224,2,0,9.04,500
2026-03-30 09:24:31.830,20260330,92431830,000009.SZ,470235,2,0,9.03,300
2026-03-30 09:24:36.180,20260330,92436180,000009.SZ,474205,2,0,8.19,300
2026-03-30 09:24:38.840,20260330,92438840,000009.SZ,477018,1,0,8.86,1000
2026-03-30 09:24:39.170,20260330,92439170,000009.SZ,477392,2,0,9.19,1200
2026-03-30 09:24:40.910,20260330,92440910,000009.SZ,479479,2,0,8.96,1000
2026-03-30 09:24:43.410,20260330,92443410,000009.SZ,481940,2,0,8.89,800
2026-03-30 09:24:43.540,20260330,92443540,000009.SZ,482088,2,0,9.04,1000
2026-03-30 09:24:44.030,20260330,92444030,000009.SZ,482569,2,0,9.04,500
2026-03-30 09:24:45.060,20260330,92445060,000009.SZ,483618,2,0,9.04,200
2026-03-30 09:24:45.900,20260330,92445900,000009.SZ,484512,1,0,9.08,5000
2026-03-30 09:24:48.570,20260330,92448570,000009.SZ,487510,1,0,9.13,2800
2026-03-30 09:24:48.930,20260330,92448930,000009.SZ,488037,2,0,9.36,200
2026-03-30 09:24:49.060,20260330,92449060,000009.SZ,488208,2,0,9.03,1200
2026-03-30 09:24:50.180,20260330,92450180,000009.SZ,490311,1,0,8.64,20000
2026-03-30 09:24:50.900,20260330,92450900,000009.SZ,491490,1,0,9.0,2200
2026-03-30 09:24:50.990,20260330,92450990,000009.SZ,491609,2,0,9.4,1000
2026-03-30 09:24:51.640,20260330,92451640,000009.SZ,492511,1,0,9.18,100
2026-03-30 09:24:51.820,20260330,92451820,000009.SZ,492777,1,0,9.0,500
2026-03-30 09:24:53.320,20260330,92453320,000009.SZ,495033,2,0,8.78,4400
2026-03-30 09:24:53.530,20260330,92453530,000009.SZ,495445,1,0,9.16,2100
2026-03-30 09:24:55.050,20260330,92455050,000009.SZ,498208,1,0,9.06,4700
2026-03-30 09:24:55.780,20260330,92455780,000009.SZ,499698,2,0,9.04,11300
2026-03-30 09:24:55.860,20260330,92455860,000009.SZ,499845,2,0,8.95,100
2026-03-30 09:24:55.910,20260330,92455910,000009.SZ,499995,2,0,9.02,900
2026-03-30 09:24:56.060,20260330,92456060,000009.SZ,500317,2,0,9.04,3000
2026-03-30 09:24:56.680,20260330,92456680,000009.SZ,502199,1,0,9.06,100
2026-03-30 09:24:56.860,20260330,92456860,000009.SZ,502764,1,0,10.01,600
2026-03-30 09:24:57.240,20260330,92457240,000009.SZ,504012,2,0,9.22,5000
2026-03-30 09:24:58.330,20260330,92458330,000009.SZ,508049,1,0,10.01,1200
2026-03-30 09:24:58.400,20260330,92458400,000009.SZ,508380,2,0,9.03,1500
2026-03-30 09:24:59.030,20260330,92459030,000009.SZ,511088,1,0,10.01,1200
2026-03-30 09:24:59.560,20260330,92459560,000009.SZ,514006,2,0,9.01,900
2026-03-30 09:24:59.660,20260330,92459660,000009.SZ,515053,2,0,9.01,2300
2026-03-30 09:24:59.930,20260330,92459930,000009.SZ,517387,1,0,9.09,1100
2026-03-30 09:30:00.000,20260330,93000000,000009.SZ,617779,1,0,9.18,700
2026-03-30 09:30:00.010,20260330,93000010,000009.SZ,619557,1,0,8.97,1000
2026-03-30 09:30:00.030,20260330,93000030,000009.SZ,623121,1,0,8.92,700
2026-03-30 09:30:00.040,20260330,93000040,000009.SZ,629926,2,0,9.22,1200
2026-03-30 09:30:00.040,20260330,93000040,000009.SZ,629928,2,0,9.31,1200
2026-03-30 09:30:00.040,20260330,93000040,000009.SZ,631099,2,0,9.8,800
2026-03-30 09:30:00.040,20260330,93000040,000009.SZ,633845,2,0,9.0,7600
2026-03-30 09:30:00.040,20260330,93000040,000009.SZ,634465,2,0,9.7,200
2026-03-30 09:30:00.040,20260330,93000040,000009.SZ,635379,1,0,8.99,1000
2026-03-30 09:30:00.050,20260330,93000050,000009.SZ,637434,2,0,9.11,2200
2026-03-30 09:30:00.050,20260330,93000050,000009.SZ,640147,2,0,9.12,2000
2026-03-30 09:30:00.050,20260330,93000050,000009.SZ,640293,2,0,10.0,500
2026-03-30 09:30:00.050,20260330,93000050,000009.SZ,640414,2,0,9.02,100
2026-03-30 09:30:00.050,20260330,93000050,000009.SZ,640550,1,0,8.8,300
2026-03-30 09:30:00.060,20260330,93000060,000009.SZ,643973,2,0,9.04,11000
2026-03-30 09:30:00.060,20260330,93000060,000009.SZ,644461,2,0,9.03,5000
2026-03-30 09:30:00.060,20260330,93000060,000009.SZ,644663,1,0,9.04,11800
2026-03-30 09:30:00.060,20260330,93000060,000009.SZ,644979,1,0,8.95,1000
2026-03-30 09:30:00.060,20260330,93000060,000009.SZ,645458,1,0,8.71,800
2026-03-30 09:30:00.060,20260330,93000060,000009.SZ,645613,1,0,8.9,500
2026-03-30 09:30:00.060,20260330,93000060,000009.SZ,646645,1,0,9.04,4000
2026-03-30 09:30:00.060,20260330,93000060,000009.SZ,648331,1,0,8.8,600
2026-03-30 09:30:00.060,20260330,93000060,000009.SZ,648394,2,0,9.1,100
2026-03-30 09:30:00.060,20260330,93000060,000009.SZ,649612,1,0,8.93,2000
2026-03-30 09:30:00.070,20260330,93000070,000009.SZ,649983,1,0,9.04,100
2026-03-30 09:30:00.070,20260330,93000070,000009.SZ,650003,2,0,9.28,5000
2026-03-30 09:30:00.070,20260330,93000070,000009.SZ,650075,2,0,9.18,100
2026-03-30 09:30:00.070,20260330,93000070,000009.SZ,650437,2,0,9.04,1000
2026-03-30 09:30:00.070,20260330,93000070,000009.SZ,650814,2,0,9.04,2200
2026-03-30 09:30:00.070,20260330,93000070,000009.SZ,651006,1,0,8.88,2000
2026-03-30 09:30:00.070,20260330,93000070,000009.SZ,651635,1,0,8.95,1000
2026-03-30 09:30:00.070,20260330,93000070,000009.SZ,652014,1,0,8.93,3000
2026-03-30 09:30:00.070,20260330,93000070,000009.SZ,654352,1,0,8.92,500
2026-03-30 09:30:00.070,20260330,93000070,000009.SZ,654927,2,0,9.4,4000
2026-03-30 09:30:00.070,20260330,93000070,000009.SZ,654980,1,0,8.94,1100
2026-03-30 09:30:00.070,20260330,93000070,000009.SZ,655436,2,0,9.24,4500
2026-03-30 09:30:00.080,20260330,93000080,000009.SZ,656067,2,0,9.03,2600
2026-03-30 09:30:00.080,20260330,93000080,000009.SZ,659991,2,0,9.51,10700
2026-03-30 09:30:00.090,20260330,93000090,000009.SZ,662721,2,0,9.99,2000
2026-03-30 09:30:00.090,20260330,93000090,000009.SZ,663042,1,0,8.99,11000
2026-03-30 09:30:00.090,20260330,93000090,000009.SZ,663312,2,0,9.03,1200
2026-03-30 09:30:00.090,20260330,93000090,000009.SZ,665586,1,0,8.95,200
2026-03-30 09:30:00.100,20260330,93000100,000009.SZ,667391,2,0,8.98,6053
2026-03-30 09:30:00.100,20260330,93000100,000009.SZ,667627,2,0,9.8,4000
2026-03-30 09:30:00.100,20260330,93000100,000009.SZ,668201,1,0,9.0,200
2026-03-30 09:30:00.100,20260330,93000100,000009.SZ,669685,1,0,9.0,100
2026-03-30 09:30:00.100,20260330,93000100,000009.SZ,669747,1,0,8.99,30000
2026-03-30 09:30:00.100,20260330,93000100,000009.SZ,670048,2,0,9.15,600
2026-03-30 09:30:00.100,20260330,93000100,000009.SZ,672789,2,0,10.0,1000
2026-03-30 09:30:00.110,20260330,93000110,000009.SZ,674912,2,0,9.43,500
2026-03-30 09:30:00.110,20260330,93000110,000009.SZ,675339,2,0,9.04,300
2026-03-30 09:30:00.110,20260330,93000110,000009.SZ,675417,2,0,9.03,100
2026-03-30 09:30:00.110,20260330,93000110,000009.SZ,676530,1,0,8.87,1400
2026-03-30 09:30:00.110,20260330,93000110,000009.SZ,677821,2,0,9.2,1000
2026-03-30 09:30:00.110,20260330,93000110,000009.SZ,679100,1,0,8.95,1000
2026-03-30 09:30:00.110,20260330,93000110,000009.SZ,679768,1,0,8.85,8000
2026-03-30 09:30:00.120,20260330,93000120,000009.SZ,680124,2,0,9.12,5000
2026-03-30 09:30:00.120,20260330,93000120,000009.SZ,682465,2,0,9.05,4000
2026-03-30 09:30:00.120,20260330,93000120,000009.SZ,685199,2,0,9.01,3000
2026-03-30 09:30:00.120,20260330,93000120,000009.SZ,686026,2,0,9.1,10000
2026-03-30 09:30:00.130,20260330,93000130,000009.SZ,686768,1,0,9.04,500
2026-03-30 09:30:00.130,20260330,93000130,000009.SZ,688491,2,0,9.03,100
2026-03-30 09:30:00.130,20260330,93000130,000009.SZ,689509,1,0,8.91,5000
2026-03-30 09:30:00.130,20260330,93000130,000009.SZ,691770,1,0,9.0,100
2026-03-30 09:30:00.140,20260330,93000140,000009.SZ,692868,1,0,9.01,1000
2026-03-30 09:30:00.140,20260330,93000140,000009.SZ,693574,2,0,9.84,200
2026-03-30 09:30:00.140,20260330,93000140,000009.SZ,695138,1,0,9.05,1700
2026-03-30 09:30:00.140,20260330,93000140,000009.SZ,696961,2,0,9.3,300
2026-03-30 09:30:00.150,20260330,93000150,000009.SZ,698370,2,0,9.03,1000
2026-03-30 09:30:00.150,20260330,93000150,000009.SZ,699238,2,0,9.04,500
2026-03-30 09:30:00.150,20260330,93000150,000009.SZ,699558,1,0,8.95,1000
2026-03-30 09:30:00.150,20260330,93000150,000009.SZ,699984,1,0,9.04,500
2026-03-30 09:30:00.160,20260330,93000160,000009.SZ,706363,2,0,9.04,100
2026-03-30 09:30:00.170,20260330,93000170,000009.SZ,710259,2,0,9.3,700
2026-03-30 09:30:00.170,20260330,93000170,000009.SZ,710432,2,0,9.18,4000
2026-03-30 09:30:00.180,20260330,93000180,000009.SZ,714688,2,0,9.06,3000
2026-03-30 09:30:00.180,20260330,93000180,000009.SZ,715597,2,0,9.12,2000
2026-03-30 09:30:00.180,20260330,93000180,000009.SZ,717358,1,0,8.94,5000
2026-03-30 09:30:00.190,20260330,93000190,000009.SZ,719097,2,0,9.17,1400
2026-03-30 09:30:00.190,20260330,93000190,000009.SZ,719153,1,0,8.9,200
2026-03-30 09:30:00.190,20260330,93000190,000009.SZ,720432,2,0,9.12,300
2026-03-30 09:30:00.190,20260330,93000190,000009.SZ,720717,2,0,9.03,1000
2026-03-30 09:30:00.200,20260330,93000200,000009.SZ,722857,2,0,10.01,1900
2026-03-30 09:30:00.210,20260330,93000210,000009.SZ,725413,2,0,9.03,400
2026-03-30 09:30:00.210,20260330,93000210,000009.SZ,725910,2,0,9.19,5800
2026-03-30 09:30:00.210,20260330,93000210,000009.SZ,726617,2,0,9.03,2800
2026-03-30 09:30:00.210,20260330,93000210,000009.SZ,727595,1,0,8.94,1000
2026-03-30 09:30:00.230,20260330,93000230,000009.SZ,733476,1,0,8.95,1000
2026-03-30 09:30:00.240,20260330,93000240,000009.SZ,738411,2,0,9.03,16000
2026-03-30 09:30:00.240,20260330,93000240,000009.SZ,739652,1,0,9.01,10000
2026-03-30 09:30:00.250,20260330,93000250,000009.SZ,742783,1,0,9.04,1000
2026-03-30 09:30:00.250,20260330,93000250,000009.SZ,743673,1,0,8.99,2000
2026-03-30 09:30:00.270,20260330,93000270,000009.SZ,748668,1,0,9.04,2800
2026-03-30 09:30:00.270,20260330,93000270,000009.SZ,750268,1,0,9.04,300
2026-03-30 09:30:00.280,20260330,93000280,000009.SZ,751231,1,0,8.94,100
2026-03-30 09:30:00.280,20260330,93000280,000009.SZ,754077,1,0,8.8,3000
2026-03-30 09:30:00.290,20260330,93000290,000009.SZ,754854,1,0,8.65,1200
2026-03-30 09:30:00.310,20260330,93000310,000009.SZ,760273,1,0,9.0,1000
2026-03-30 09:30:00.310,20260330,93000310,000009.SZ,760397,1,0,8.7,200
2026-03-30 09:30:00.310,20260330,93000310,000009.SZ,760674,2,0,9.04,500
2026-03-30 09:30:00.310,20260330,93000310,000009.SZ,762085,1,0,8.95,500
2026-03-30 09:30:00.320,20260330,93000320,000009.SZ,763398,2,0,9.28,1500
2026-03-30 09:30:00.320,20260330,93000320,000009.SZ,764815,1,0,8.5,2000
2026-03-30 09:30:00.330,20260330,93000330,000009.SZ,765364,1,0,8.82,500
2026-03-30 09:30:00.330,20260330,93000330,000009.SZ,766412,2,0,9.5,8000
2026-03-30 09:30:00.340,20260330,93000340,000009.SZ,767667,1,0,9.03,3300
2026-03-30 09:30:00.350,20260330,93000350,000009.SZ,770097,1,0,8.7,1100
2026-03-30 09:30:00.360,20260330,93000360,000009.SZ,773730,2,0,9.75,6000
2026-03-30 09:30:00.370,20260330,93000370,000009.SZ,776029,1,0,8.57,14200
2026-03-30 09:30:00.370,20260330,93000370,000009.SZ,776962,2,0,9.2,1000
2026-03-30 09:30:00.390,20260330,93000390,000009.SZ,779916,2,0,10.01,276100
2026-03-30 09:30:00.390,20260330,93000390,000009.SZ,780136,1,0,9.03,100
2026-03-30 09:30:00.390,20260330,93000390,000009.SZ,780330,1,0,9.05,400
2026-03-30 09:30:00.390,20260330,93000390,000009.SZ,780370,1,0,9.05,200
2026-03-30 09:30:00.390,20260330,93000390,000009.SZ,780372,1,0,9.05,1000
2026-03-30 09:30:00.390,20260330,93000390,000009.SZ,780382,1,0,9.05,200
2026-03-30 09:30:00.390,20260330,93000390,000009.SZ,780406,1,0,9.05,800
2026-03-30 09:30:00.390,20260330,93000390,000009.SZ,780618,1,0,9.02,10800
2026-03-30 09:30:00.390,20260330,93000390,000009.SZ,780759,1,0,9.05,200
2026-03-30 09:30:00.390,20260330,93000390,000009.SZ,780830,1,0,9.05,200
2026-03-30 09:30:00.390,20260330,93000390,000009.SZ,780832,1,0,9.05,600
2026-03-30 09:30:00.390,20260330,93000390,000009.SZ,780864,1,0,9.05,2500
2026-03-30 09:30:00.400,20260330,93000400,000009.SZ,781032,1,0,9.05,300
2026-03-30 09:30:00.400,20260330,93000400,000009.SZ,781034,1,0,9.03,500
2026-03-30 09:30:00.400,20260330,93000400,000009.SZ,781042,1,0,9.05,200
2026-03-30 09:30:00.400,20260330,93000400,000009.SZ,781044,1,0,9.01,1600
2026-03-30 09:30:00.400,20260330,93000400,000009.SZ,781172,1,0,8.93,2000
2026-03-30 09:30:00.400,20260330,93000400,000009.SZ,781887,1,0,9.0,100
2026-03-30 09:30:00.400,20260330,93000400,000009.SZ,782024,1,0,9.03,7600
2026-03-30 09:30:00.400,20260330,93000400,000009.SZ,782850,1,0,8.87,2000
2026-03-30 09:30:00.410,20260330,93000410,000009.SZ,783363,2,0,9.49,3000
2026-03-30 09:30:00.420,20260330,93000420,000009.SZ,788035,2,0,10.01,10000
2026-03-30 09:30:00.430,20260330,93000430,000009.SZ,788259,1,0,9.01,600
2026-03-30 09:30:00.430,20260330,93000430,000009.SZ,788477,1,0,8.68,1000
2026-03-30 09:30:00.430,20260330,93000430,000009.SZ,789194,1,0,9.05,500
2026-03-30 09:30:00.430,20260330,93000430,000009.SZ,789231,1,0,9.05,500
2026-03-30 09:30:00.450,20260330,93000450,000009.SZ,792922,2,0,9.0,100
2026-03-30 09:30:00.470,20260330,93000470,000009.SZ,797877,2,0,9.02,2200
2026-03-30 09:30:00.480,20260330,93000480,000009.SZ,799250,1,0,8.98,300
2026-03-30 09:30:00.480,20260330,93000480,000009.SZ,799520,1,0,9.01,100
2026-03-30 09:30:00.490,20260330,93000490,000009.SZ,800873,1,0,8.99,600
2026-03-30 09:30:00.490,20260330,93000490,000009.SZ,800926,2,0,9.04,100
2026-03-30 09:30:00.500,20260330,93000500,000009.SZ,803019,1,0,8.5,25500
2026-03-30 09:30:00.510,20260330,93000510,000009.SZ,803967,2,0,9.02,7000
2026-03-30 09:30:00.510,20260330,93000510,000009.SZ,804502,2,0,9.03,3000
2026-03-30 09:30:00.510,20260330,93000510,000009.SZ,805218,2,0,10.0,4500
2026-03-30 09:30:00.530,20260330,93000530,000009.SZ,808579,2,0,9.03,400
2026-03-30 09:30:00.540,20260330,93000540,000009.SZ,809959,2,0,9.09,1600
2026-03-30 09:30:00.550,20260330,93000550,000009.SZ,810893,2,0,9.02,2500
2026-03-30 09:30:00.560,20260330,93000560,000009.SZ,813532,1,0,8.97,400
2026-03-30 09:30:00.560,20260330,93000560,000009.SZ,814169,2,0,9.8,500
2026-03-30 09:30:00.570,20260330,93000570,000009.SZ,815004,1,0,8.19,700
2026-03-30 09:30:00.580,20260330,93000580,000009.SZ,817238,1,0,9.04,100
2026-03-30 09:30:00.580,20260330,93000580,000009.SZ,817799,2,0,9.12,300
2026-03-30 09:30:00.590,20260330,93000590,000009.SZ,818250,2,0,9.5,1000
2026-03-30 09:30:00.590,20260330,93000590,000009.SZ,819535,1,0,9.0,4600
2026-03-30 09:30:00.630,20260330,93000630,000009.SZ,824756,2,0,9.17,2500
2026-03-30 09:30:00.630,20260330,93000630,000009.SZ,826082,2,0,9.2,5000
2026-03-30 09:30:00.640,20260330,93000640,000009.SZ,826486,2,0,10.01,156900
2026-03-30 09:30:00.640,20260330,93000640,000009.SZ,826522,2,0,9.25,1200
2026-03-30 09:30:00.650,20260330,93000650,000009.SZ,827928,1,0,8.5,100
2026-03-30 09:30:00.650,20260330,93000650,000009.SZ,827960,2,0,9.14,2600
2026-03-30 09:30:00.660,20260330,93000660,000009.SZ,829577,1,0,8.98,2000
2026-03-30 09:30:00.660,20260330,93000660,000009.SZ,829735,1,0,8.95,1500
2026-03-30 09:30:00.660,20260330,93000660,000009.SZ,829816,1,0,8.99,1100
2026-03-30 09:30:00.680,20260330,93000680,000009.SZ,832289,2,0,9.04,1000
2026-03-30 09:30:00.680,20260330,93000680,000009.SZ,832366,2,0,9.7,22500
2026-03-30 09:30:00.680,20260330,93000680,000009.SZ,832861,1,0,8.4,2000
2026-03-30 09:30:00.680,20260330,93000680,000009.SZ,832881,2,0,9.23,1200
2026-03-30 09:30:00.680,20260330,93000680,000009.SZ,833422,1,0,8.5,1800
2026-03-30 09:30:00.680,20260330,93000680,000009.SZ,833550,1,0,8.88,1400
2026-03-30 09:30:00.690,20260330,93000690,000009.SZ,833631,1,0,8.6,1000
2026-03-30 09:30:00.690,20260330,93000690,000009.SZ,835084,2,0,9.1,500
2026-03-30 09:30:00.690,20260330,93000690,000009.SZ,835100,1,0,8.78,1000
2026-03-30 09:30:00.690,20260330,93000690,000009.SZ,835178,1,0,8.9,1000
2026-03-30 09:30:00.700,20260330,93000700,000009.SZ,835764,2,0,9.16,500
2026-03-30 09:30:00.710,20260330,93000710,000009.SZ,838163,2,0,9.11,3000
2026-03-30 09:30:00.720,20260330,93000720,000009.SZ,840578,1,0,9.01,3000
2026-03-30 09:30:00.730,20260330,93000730,000009.SZ,842460,1,0,8.99,2500
2026-03-30 09:30:00.740,20260330,93000740,000009.SZ,843693,2,0,10.0,3300
2026-03-30 09:30:00.750,20260330,93000750,000009.SZ,844677,2,0,9.18,7000
2026-03-30 09:30:00.750,20260330,93000750,000009.SZ,844794,1,0,9.0,5000
2026-03-30 09:30:00.760,20260330,93000760,000009.SZ,846415,2,0,9.5,500
2026-03-30 09:30:00.770,20260330,93000770,000009.SZ,847630,2,0,9.0,2700
2026-03-30 09:30:00.770,20260330,93000770,000009.SZ,847642,1,0,8.99,1000
2026-03-30 09:30:00.790,20260330,93000790,000009.SZ,850886,2,0,9.01,800
2026-03-30 09:30:00.800,20260330,93000800,000009.SZ,851783,1,0,9.0,6000
2026-03-30 09:30:00.820,20260330,93000820,000009.SZ,854996,1,0,8.98,6900
2026-03-30 09:30:00.830,20260330,93000830,000009.SZ,855589,2,0,9.12,500
2026-03-30 09:30:00.850,20260330,93000850,000009.SZ,859057,1,0,8.98,1100
2026-03-30 09:30:00.850,20260330,93000850,000009.SZ,859966,2,0,9.45,2000
2026-03-30 09:30:00.900,20260330,93000900,000009.SZ,866367,2,0,9.59,3000
2026-03-30 09:30:00.900,20260330,93000900,000009.SZ,867170,1,0,8.87,200
2026-03-30 09:30:00.910,20260330,93000910,000009.SZ,868934,1,0,8.87,2000
2026-03-30 09:30:00.910,20260330,93000910,000009.SZ,869262,1,0,8.83,2000
2026-03-30 09:30:00.920,20260330,93000920,000009.SZ,869350,1,0,8.9,1700
2026-03-30 09:30:00.920,20260330,93000920,000009.SZ,870446,1,0,8.97,300
2026-03-30 09:30:00.920,20260330,93000920,000009.SZ,870582,2,0,10.01,55200
2026-03-30 09:30:00.940,20260330,93000940,000009.SZ,872714,2,0,9.87,100
2026-03-30 09:30:00.950,20260330,93000950,000009.SZ,874094,1,0,8.94,1200
2026-03-30 09:30:00.960,20260330,93000960,000009.SZ,875218,1,0,9.04,1000
2026-03-30 09:30:00.970,20260330,93000970,000009.SZ,876056,1,0,8.41,500
2026-03-30 09:30:00.980,20260330,93000980,000009.SZ,878068,1,0,9.03,500
2026-03-30 09:30:00.980,20260330,93000980,000009.SZ,878444,1,0,9.01,1600
2026-03-30 09:30:00.990,20260330,93000990,000009.SZ,879658,1,0,8.99,1000
2026-03-30 09:30:00.990,20260330,93000990,000009.SZ,879921,2,0,9.04,500
2026-03-30 09:30:01.000,20260330,93001000,000009.SZ,881992,1,0,8.85,1700
2026-03-30 09:30:01.000,20260330,93001000,000009.SZ,882357,2,0,9.19,200
2026-03-30 09:30:01.010,20260330,93001010,000009.SZ,883395,1,0,8.68,10000
2026-03-30 09:30:01.010,20260330,93001010,000009.SZ,883614,1,0,9.03,5000
2026-03-30 09:30:01.030,20260330,93001030,000009.SZ,887051,2,0,9.5,300
2026-03-30 09:30:01.030,20260330,93001030,000009.SZ,887171,2,0,10.01,500
2026-03-30 09:30:01.040,20260330,93001040,000009.SZ,888073,1,0,8.97,10000
2026-03-30 09:30:01.060,20260330,93001060,000009.SZ,890300,1,0,8.8,1000
2026-03-30 09:30:01.070,20260330,93001070,000009.SZ,892003,1,0,8.97,200
2026-03-30 09:30:01.070,20260330,93001070,000009.SZ,892489,2,0,9.55,500
2026-03-30 09:30:01.070,20260330,93001070,000009.SZ,892798,1,0,8.89,57000
2026-03-30 09:30:01.070,20260330,93001070,000009.SZ,892922,2,0,9.11,200
2026-03-30 09:30:01.090,20260330,93001090,000009.SZ,894644,1,0,8.99,10000
2026-03-30 09:30:01.090,20260330,93001090,000009.SZ,894709,1,0,8.99,10000
2026-03-30 09:30:01.110,20260330,93001110,000009.SZ,897778,1,0,8.45,500
2026-03-30 09:30:01.120,20260330,93001120,000009.SZ,899096,2,0,9.13,2500
2026-03-30 09:30:01.190,20260330,93001190,000009.SZ,906123,1,0,8.95,2000
2026-03-30 09:30:01.190,20260330,93001190,000009.SZ,906348,2,0,9.6,400
2026-03-30 09:30:01.200,20260330,93001200,000009.SZ,907398,1,0,9.04,9000
2026-03-30 09:30:01.210,20260330,93001210,000009.SZ,909140,2,0,9.5,50000
2026-03-30 09:30:01.240,20260330,93001240,000009.SZ,911890,1,0,8.74,1500
2026-03-30 09:30:01.260,20260330,93001260,000009.SZ,912764,2,0,9.46,2600
2026-03-30 09:30:01.260,20260330,93001260,000009.SZ,912904,2,0,9.3,8800
2026-03-30 09:30:01.270,20260330,93001270,000009.SZ,913576,2,0,9.03,700
2026-03-30 09:30:01.280,20260330,93001280,000009.SZ,914355,2,0,9.04,1200
2026-03-30 09:30:01.310,20260330,93001310,000009.SZ,916507,1,0,8.51,200
2026-03-30 09:30:01.340,20260330,93001340,000009.SZ,919500,2,0,9.58,3000
2026-03-30 09:30:01.340,20260330,93001340,000009.SZ,919865,1,0,8.9,1100
2026-03-30 09:30:01.350,20260330,93001350,000009.SZ,920541,1,0,8.85,1900
2026-03-30 09:30:01.350,20260330,93001350,000009.SZ,920631,2,0,10.01,100
2026-03-30 09:30:01.350,20260330,93001350,000009.SZ,920676,1,0,8.8,2000
2026-03-30 09:30:01.360,20260330,93001360,000009.SZ,922087,1,0,8.8,2000
2026-03-30 09:30:01.370,20260330,93001370,000009.SZ,923125,1,0,8.96,4000
2026-03-30 09:30:01.380,20260330,93001380,000009.SZ,924481,2,0,9.2,1200
2026-03-30 09:30:01.380,20260330,93001380,000009.SZ,925093,2,0,9.3,100
2026-03-30 09:30:01.390,20260330,93001390,000009.SZ,925485,2,0,9.66,20000
2026-03-30 09:30:01.400,20260330,93001400,000009.SZ,927257,1,0,8.95,1000
2026-03-30 09:30:01.410,20260330,93001410,000009.SZ,928623,2,0,9.8,100000
2026-03-30 09:30:01.440,20260330,93001440,000009.SZ,931373,1,0,8.9,500
2026-03-30 09:30:01.440,20260330,93001440,000009.SZ,931480,2,0,9.6,50000
2026-03-30 09:30:01.440,20260330,93001440,000009.SZ,931508,2,0,9.7,50000
2026-03-30 09:30:01.440,20260330,93001440,000009.SZ,931861,2,0,9.75,50000
2026-03-30 09:30:01.460,20260330,93001460,000009.SZ,933280,2,0,9.02,3000
2026-03-30 09:30:01.470,20260330,93001470,000009.SZ,934677,2,0,9.01,100
2026-03-30 09:30:01.480,20260330,93001480,000009.SZ,935292,2,0,9.03,3200
2026-03-30 09:30:01.490,20260330,93001490,000009.SZ,935972,2,0,9.14,20000
2026-03-30 09:30:01.490,20260330,93001490,000009.SZ,935975,2,0,9.1,12900
2026-03-30 09:30:01.510,20260330,93001510,000009.SZ,937510,1,0,9.02,1000
2026-03-30 09:30:01.510,20260330,93001510,000009.SZ,937670,2,0,9.03,10000
2026-03-30 09:30:01.560,20260330,93001560,000009.SZ,943129,2,0,9.29,500
2026-03-30 09:30:01.570,20260330,93001570,000009.SZ,944205,1,0,9.01,10000
2026-03-30 09:30:01.600,20260330,93001600,000009.SZ,947278,1,0,8.99,1000
2026-03-30 09:30:01.600,20260330,93001600,000009.SZ,947329,2,0,9.9,100000
2026-03-30 09:30:01.600,20260330,93001600,000009.SZ,947356,1,0,9.04,100
2026-03-30 09:30:01.630,20260330,93001630,000009.SZ,950051,1,0,8.6,3000
2026-03-30 09:30:01.630,20260330,93001630,000009.SZ,950354,1,0,9.04,100
2026-03-30 09:30:01.650,20260330,93001650,000009.SZ,952157,2,0,9.03,200
2026-03-30 09:30:01.670,20260330,93001670,000009.SZ,952974,1,0,8.8,1500
2026-03-30 09:30:01.670,20260330,93001670,000009.SZ,953169,2,0,9.04,500
2026-03-30 09:30:01.670,20260330,93001670,000009.SZ,953339,1,0,8.88,5000
2026-03-30 09:30:01.680,20260330,93001680,000009.SZ,954286,2,0,9.03,1700
2026-03-30 09:30:01.700,20260330,93001700,000009.SZ,955260,1,0,8.29,2500
2026-03-30 09:30:01.710,20260330,93001710,000009.SZ,956510,2,0,9.06,5700
2026-03-30 09:30:01.720,20260330,93001720,000009.SZ,957865,1,0,8.93,300
2026-03-30 09:30:01.790,20260330,93001790,000009.SZ,964193,1,0,8.4,300
2026-03-30 09:30:01.810,20260330,93001810,000009.SZ,966267,2,0,9.78,700
2026-03-30 09:30:01.810,20260330,93001810,000009.SZ,967124,2,0,9.03,1000
2026-03-30 09:30:01.820,20260330,93001820,000009.SZ,967669,2,0,9.08,400
2026-03-30 09:30:01.840,20260330,93001840,000009.SZ,969842,2,0,9.14,4000
2026-03-30 09:30:01.860,20260330,93001860,000009.SZ,970965,2,0,9.03,300
2026-03-30 09:30:01.870,20260330,93001870,000009.SZ,972355,2,0,9.15,38600
2026-03-30 09:30:01.940,20260330,93001940,000009.SZ,977832,2,0,9.18,38600
2026-03-30 09:30:01.960,20260330,93001960,000009.SZ,979459,2,0,9.13,1000
2026-03-30 09:30:01.980,20260330,93001980,000009.SZ,981837,1,0,8.94,1000
2026-03-30 09:30:01.980,20260330,93001980,000009.SZ,981997,2,0,9.2,300
2026-03-30 09:30:02.010,20260330,93002010,000009.SZ,985576,2,0,9.12,1100
2026-03-30 09:30:02.010,20260330,93002010,000009.SZ,986150,2,0,9.03,3000
2026-03-30 09:30:02.010,20260330,93002010,000009.SZ,986246,1,0,8.99,200
2026-03-30 09:30:02.020,20260330,93002020,000009.SZ,987258,1,0,9.04,500
2026-03-30 09:30:02.020,20260330,93002020,000009.SZ,988069,1,0,8.5,300
2026-03-30 09:30:02.050,20260330,93002050,000009.SZ,990828,1,0,8.89,2000
2026-03-30 09:30:02.080,20260330,93002080,000009.SZ,994998,2,0,9.05,100
2026-03-30 09:30:02.100,20260330,93002100,000009.SZ,996377,2,0,9.4,300
2026-03-30 09:30:02.140,20260330,93002140,000009.SZ,999068,1,0,8.9,500
2026-03-30 09:30:02.150,20260330,93002150,000009.SZ,1000261,1,0,8.94,1200
2026-03-30 09:30:02.150,20260330,93002150,000009.SZ,1000593,2,0,9.02,600
2026-03-30 09:30:02.180,20260330,93002180,000009.SZ,1002214,1,0,8.68,500
2026-03-30 09:30:02.180,20260330,93002180,000009.SZ,1002408,2,0,9.1,10000
2026-03-30 09:30:02.190,20260330,93002190,000009.SZ,1002848,1,0,8.9,2000
2026-03-30 09:30:02.220,20260330,93002220,000009.SZ,1005592,1,0,9.0,100
2026-03-30 09:30:02.250,20260330,93002250,000009.SZ,1006907,2,0,9.03,2300
2026-03-30 09:30:02.250,20260330,93002250,000009.SZ,1006908,2,0,9.03,2400
2026-03-30 09:30:02.260,20260330,93002260,000009.SZ,1007002,1,0,9.04,1600
2026-03-30 09:30:02.260,20260330,93002260,000009.SZ,1007706,2,0,9.03,300
2026-03-30 09:30:02.290,20260330,93002290,000009.SZ,1009037,1,0,8.95,300
2026-03-30 09:30:02.330,20260330,93002330,000009.SZ,1011099,2,0,9.17,2100
2026-03-30 09:30:02.330,20260330,93002330,000009.SZ,1011183,1,0,8.98,500
2026-03-30 09:30:02.350,20260330,93002350,000009.SZ,1012894,2,0,9.31,4200
2026-03-30 09:30:02.350,20260330,93002350,000009.SZ,1013768,1,0,8.99,1500
2026-03-30 09:30:02.360,20260330,93002360,000009.SZ,1014330,2,0,9.03,1200
2026-03-30 09:30:02.370,20260330,93002370,000009.SZ,1015166,1,0,9.08,1300
2026-03-30 09:30:02.390,20260330,93002390,000009.SZ,1017818,1,0,8.96,900
2026-03-30 09:30:02.400,20260330,93002400,000009.SZ,1017989,1,0,8.98,3200
2026-03-30 09:30:02.430,20260330,93002430,000009.SZ,1020226,2,0,10.01,300
2026-03-30 09:30:02.440,20260330,93002440,000009.SZ,1020786,2,0,9.08,1000
2026-03-30 09:30:02.480,20260330,93002480,000009.SZ,1023877,2,0,10.0,800
2026-03-30 09:30:02.550,20260330,93002550,000009.SZ,1028496,2,0,9.8,600
2026-03-30 09:30:02.570,20260330,93002570,000009.SZ,1029832,1,0,8.99,5000
2026-03-30 09:30:02.590,20260330,93002590,000009.SZ,1031601,2,0,9.13,100
2026-03-30 09:30:02.610,20260330,93002610,000009.SZ,1032393,1,0,8.98,5000
2026-03-30 09:30:02.620,20260330,93002620,000009.SZ,1032854,2,0,9.18,2200
2026-03-30 09:30:02.640,20260330,93002640,000009.SZ,1033829,2,0,9.97,3300
2026-03-30 09:30:02.640,20260330,93002640,000009.SZ,1034062,2,0,9.27,200
2026-03-30 09:30:02.680,20260330,93002680,000009.SZ,1036133,1,0,9.04,300
2026-03-30 09:30:02.700,20260330,93002700,000009.SZ,1037093,2,0,9.02,3000
2026-03-30 09:30:02.730,20260330,93002730,000009.SZ,1039019,2,0,9.03,5400
2026-03-30 09:30:02.730,20260330,93002730,000009.SZ,1039539,1,0,9.0,1000
2026-03-30 09:30:02.790,20260330,93002790,000009.SZ,1043157,2,0,9.12,1200
2026-03-30 09:30:02.800,20260330,93002800,000009.SZ,1043701,2,0,9.13,1200
2026-03-30 09:30:02.820,20260330,93002820,000009.SZ,1044551,2,0,9.13,500
2026-03-30 09:30:02.820,20260330,93002820,000009.SZ,1044860,2,0,9.03,1600
2026-03-30 09:30:02.850,20260330,93002850,000009.SZ,1046618,1,0,9.0,2000
2026-03-30 09:30:02.850,20260330,93002850,000009.SZ,1047274,1,0,8.93,1000
2026-03-30 09:30:02.860,20260330,93002860,000009.SZ,1047329,2,0,10.01,200
2026-03-30 09:30:02.860,20260330,93002860,000009.SZ,1047378,2,0,9.03,200
2026-03-30 09:30:02.860,20260330,93002860,000009.SZ,1047629,1,0,9.0,800
2026-03-30 09:30:02.870,20260330,93002870,000009.SZ,1047948,1,0,8.8,2000
2026-03-30 09:30:02.880,20260330,93002880,000009.SZ,1048626,2,0,9.59,1400
2026-03-30 09:30:02.900,20260330,93002900,000009.SZ,1049977,2,0,9.0,200
2026-03-30 09:30:02.940,20260330,93002940,000009.SZ,1052318,1,0,8.99,1200
2026-03-30 09:30:02.940,20260330,93002940,000009.SZ,1052498,1,0,8.2,24400
2026-03-30 09:30:02.960,20260330,93002960,000009.SZ,1053289,2,0,10.0,3000
2026-03-30 09:30:02.970,20260330,93002970,000009.SZ,1054412,2,0,9.8,900
2026-03-30 09:30:02.970,20260330,93002970,000009.SZ,1054821,2,0,10.0,500
2026-03-30 09:30:02.980,20260330,93002980,000009.SZ,1055139,1,0,8.68,10000
2026-03-30 09:30:02.990,20260330,93002990,000009.SZ,1055990,2,0,8.96,1200
2026-03-30 09:30:02.990,20260330,93002990,000009.SZ,1056490,2,0,9.29,3000
2026-03-30 09:30:03.000,20260330,93003000,000009.SZ,1057069,2,0,9.1,2000
2026-03-30 09:30:03.000,20260330,93003000,000009.SZ,1057435,2,0,9.01,200
2026-03-30 09:30:03.020,20260330,93003020,000009.SZ,1058626,2,0,9.09,50000
2026-03-30 09:30:03.030,20260330,93003030,000009.SZ,1059406,2,0,9.22,4200
2026-03-30 09:30:03.060,20260330,93003060,000009.SZ,1062512,2,0,9.13,2300
2026-03-30 09:30:03.060,20260330,93003060,000009.SZ,1062551,1,0,8.8,1000
2026-03-30 09:30:03.070,20260330,93003070,000009.SZ,1062963,2,0,9.03,800
2026-03-30 09:30:03.070,20260330,93003070,000009.SZ,1063385,2,0,9.52,8000
2026-03-30 09:30:03.090,20260330,93003090,000009.SZ,1064527,1,0,9.0,500
2026-03-30 09:30:03.120,20260330,93003120,000009.SZ,1066055,1,0,8.19,400
2026-03-30 09:30:03.120,20260330,93003120,000009.SZ,1066093,1,0,8.9,1000
2026-03-30 09:30:03.120,20260330,93003120,000009.SZ,1066371,2,0,9.02,1500
2026-03-30 09:30:03.150,20260330,93003150,000009.SZ,1068329,1,0,9.02,200
2026-03-30 09:30:03.150,20260330,93003150,000009.SZ,1068331,1,0,9.02,100
2026-03-30 09:30:03.150,20260330,93003150,000009.SZ,1068422,1,0,9.02,100
2026-03-30 09:30:03.150,20260330,93003150,000009.SZ,1068793,1,0,9.03,1300
2026-03-30 09:30:03.150,20260330,93003150,000009.SZ,1068795,1,0,9.03,400
2026-03-30 09:30:03.150,20260330,93003150,000009.SZ,1068798,1,0,9.03,700
2026-03-30 09:30:03.150,20260330,93003150,000009.SZ,1068801,1,0,9.03,200
2026-03-30 09:30:03.150,20260330,93003150,000009.SZ,1068803,1,0,9.03,200
2026-03-30 09:30:03.150,20260330,93003150,000009.SZ,1068808,1,0,9.03,400
2026-03-30 09:30:03.150,20260330,93003150,000009.SZ,1068813,1,0,9.03,600
2026-03-30 09:30:03.150,20260330,93003150,000009.SZ,1068815,1,0,9.03,800
2026-03-30 09:30:03.150,20260330,93003150,000009.SZ,1068818,1,0,9.03,200
2026-03-30 09:30:03.150,20260330,93003150,000009.SZ,1068820,1,0,9.03,200
2026-03-30 09:30:03.150,20260330,93003150,000009.SZ,1068823,1,0,9.03,1000
2026-03-30 09:30:03.150,20260330,93003150,000009.SZ,1068826,1,0,9.03,200
2026-03-30 09:30:03.150,20260330,93003150,000009.SZ,1068828,1,0,9.03,200
2026-03-30 09:30:03.150,20260330,93003150,000009.SZ,1068830,1,0,9.03,200
2026-03-30 09:30:03.150,20260330,93003150,000009.SZ,1068833,1,0,9.03,200
2026-03-30 09:30:03.150,20260330,93003150,000009.SZ,1068836,1,0,9.03,200
2026-03-30 09:30:03.150,20260330,93003150,000009.SZ,1068838,1,0,9.03,200
2026-03-30 09:30:03.150,20260330,93003150,000009.SZ,1068842,1,0,9.03,200
2026-03-30 09:30:03.150,20260330,93003150,000009.SZ,1068844,1,0,9.03,200
2026-03-30 09:30:03.150,20260330,93003150,000009.SZ,1068852,1,0,9.03,200
2026-03-30 09:30:03.150,20260330,93003150,000009.SZ,1068855,1,0,9.03,800
2026-03-30 09:30:03.150,20260330,93003150,000009.SZ,1068860,1,0,9.03,200
