timestamp,date,stamp,code,order_no,bs_flag,order_type,order_price,order_volume
2026-03-26 09:15:00.040,20260326,91500040,000009.SZ,985,2,0,8.99,700
2026-03-26 09:15:00.040,20260326,91500040,000009.SZ,1231,2,0,9.77,100
2026-03-26 09:15:00.040,20260326,91500040,000009.SZ,2913,1,0,9.06,2300
2026-03-26 09:15:00.040,20260326,91500040,000009.SZ,3316,2,0,8.87,500
2026-03-26 09:15:00.040,20260326,91500040,000009.SZ,3469,2,0,9.0,100
2026-03-26 09:15:00.040,20260326,91500040,000009.SZ,3527,1,0,8.05,100
2026-03-26 09:15:00.040,20260326,91500040,000009.SZ,4174,1,0,8.8,16200
2026-03-26 09:15:00.050,20260326,91500050,000009.SZ,4489,2,0,9.11,1500
2026-03-26 09:15:00.050,20260326,91500050,000009.SZ,4490,2,0,9.22,1500
2026-03-26 09:15:00.050,20260326,91500050,000009.SZ,4809,1,0,8.44,2000
2026-03-26 09:15:00.050,20260326,91500050,000009.SZ,5658,2,0,9.1,1100
2026-03-26 09:15:00.050,20260326,91500050,000009.SZ,6648,2,0,9.77,1000
2026-03-26 09:15:00.050,20260326,91500050,000009.SZ,7268,2,0,9.75,1900
2026-03-26 09:15:00.050,20260326,91500050,000009.SZ,8992,2,0,9.5,100
2026-03-26 09:15:00.060,20260326,91500060,000009.SZ,9236,2,0,9.38,5000
2026-03-26 09:15:00.060,20260326,91500060,000009.SZ,9281,2,0,9.76,3000
2026-03-26 09:15:00.060,20260326,91500060,000009.SZ,11670,2,0,9.77,100
2026-03-26 09:15:00.060,20260326,91500060,000009.SZ,11675,2,0,9.68,100
2026-03-26 09:15:00.060,20260326,91500060,000009.SZ,11702,2,0,9.59,100
2026-03-26 09:15:00.060,20260326,91500060,000009.SZ,11704,2,0,9.48,100
2026-03-26 09:15:00.060,20260326,91500060,000009.SZ,12122,2,0,9.63,300
2026-03-26 09:15:00.060,20260326,91500060,000009.SZ,12786,2,0,9.2,1000
2026-03-26 09:15:00.070,20260326,91500070,000009.SZ,15507,2,0,9.5,31000
2026-03-26 09:15:00.070,20260326,91500070,000009.SZ,17025,2,0,8.96,6200
2026-03-26 09:15:00.070,20260326,91500070,000009.SZ,17285,2,0,9.7,1000
2026-03-26 09:15:00.070,20260326,91500070,000009.SZ,17433,2,0,9.22,1000
2026-03-26 09:15:00.070,20260326,91500070,000009.SZ,17590,2,0,9.36,6200
2026-03-26 09:15:00.070,20260326,91500070,000009.SZ,17631,1,0,8.45,3000
2026-03-26 09:15:00.070,20260326,91500070,000009.SZ,17671,2,0,9.35,2000
2026-03-26 09:15:00.070,20260326,91500070,000009.SZ,17673,2,0,8.98,3000
2026-03-26 09:15:00.070,20260326,91500070,000009.SZ,17877,1,0,8.71,1500
2026-03-26 09:15:00.070,20260326,91500070,000009.SZ,17878,2,0,9.19,1400
2026-03-26 09:15:00.070,20260326,91500070,000009.SZ,19029,1,0,8.55,500
2026-03-26 09:15:00.070,20260326,91500070,000009.SZ,19064,2,0,9.26,600
2026-03-26 09:15:00.080,20260326,91500080,000009.SZ,19520,2,0,9.77,500
2026-03-26 09:15:00.080,20260326,91500080,000009.SZ,19664,2,0,9.22,1000
2026-03-26 09:15:00.080,20260326,91500080,000009.SZ,19802,2,0,9.51,400
2026-03-26 09:15:00.080,20260326,91500080,000009.SZ,20258,2,0,9.77,5000
2026-03-26 09:15:00.080,20260326,91500080,000009.SZ,20296,2,0,9.76,2000
2026-03-26 09:15:00.080,20260326,91500080,000009.SZ,20799,2,0,9.76,11000
2026-03-26 09:15:00.080,20260326,91500080,000009.SZ,21130,1,0,8.3,1000
2026-03-26 09:15:00.080,20260326,91500080,000009.SZ,22399,2,0,9.18,1000
2026-03-26 09:15:00.080,20260326,91500080,000009.SZ,22430,1,0,8.5,200
2026-03-26 09:15:00.090,20260326,91500090,000009.SZ,22582,2,0,9.77,200
2026-03-26 09:15:00.090,20260326,91500090,000009.SZ,22802,2,0,9.26,600
2026-03-26 09:15:00.090,20260326,91500090,000009.SZ,23567,2,0,9.18,1000
2026-03-26 09:15:00.090,20260326,91500090,000009.SZ,23568,2,0,9.38,1500
2026-03-26 09:15:00.090,20260326,91500090,000009.SZ,25400,2,0,9.19,700
2026-03-26 09:15:00.090,20260326,91500090,000009.SZ,25524,1,0,8.6,1000
2026-03-26 09:15:00.090,20260326,91500090,000009.SZ,26424,2,0,9.6,500
2026-03-26 09:15:00.090,20260326,91500090,000009.SZ,26448,1,0,8.56,500
2026-03-26 09:15:00.100,20260326,91500100,000009.SZ,27983,2,0,9.77,100
2026-03-26 09:15:00.100,20260326,91500100,000009.SZ,28472,1,0,8.6,50000
2026-03-26 09:15:00.100,20260326,91500100,000009.SZ,28575,2,0,9.77,200
2026-03-26 09:15:00.100,20260326,91500100,000009.SZ,28853,2,0,8.96,19300
2026-03-26 09:15:00.100,20260326,91500100,000009.SZ,29192,2,0,8.98,2600
2026-03-26 09:15:00.100,20260326,91500100,000009.SZ,29607,2,0,9.4,100
2026-03-26 09:15:00.100,20260326,91500100,000009.SZ,29907,2,0,9.75,100
2026-03-26 09:15:00.110,20260326,91500110,000009.SZ,31402,1,0,8.18,300
2026-03-26 09:15:00.110,20260326,91500110,000009.SZ,31978,2,0,9.39,1000
2026-03-26 09:15:00.110,20260326,91500110,000009.SZ,32018,1,0,8.6,2000
2026-03-26 09:15:00.110,20260326,91500110,000009.SZ,33956,2,0,9.76,4000
2026-03-26 09:15:00.110,20260326,91500110,000009.SZ,34773,2,0,9.29,1300
2026-03-26 09:15:00.110,20260326,91500110,000009.SZ,35097,2,0,9.19,4900
2026-03-26 09:15:00.110,20260326,91500110,000009.SZ,35099,2,0,9.29,8000
2026-03-26 09:15:00.110,20260326,91500110,000009.SZ,35100,2,0,9.69,10000
2026-03-26 09:15:00.110,20260326,91500110,000009.SZ,35101,2,0,9.77,10000
2026-03-26 09:15:00.110,20260326,91500110,000009.SZ,35104,2,0,9.2,8000
2026-03-26 09:15:00.110,20260326,91500110,000009.SZ,35106,2,0,9.29,8000
2026-03-26 09:15:00.110,20260326,91500110,000009.SZ,35107,2,0,9.69,8000
2026-03-26 09:15:00.110,20260326,91500110,000009.SZ,35108,2,0,9.77,8000
2026-03-26 09:15:00.110,20260326,91500110,000009.SZ,35118,2,0,9.29,10000
2026-03-26 09:15:00.110,20260326,91500110,000009.SZ,35119,2,0,9.38,10000
2026-03-26 09:15:00.110,20260326,91500110,000009.SZ,35120,2,0,9.49,10000
2026-03-26 09:15:00.110,20260326,91500110,000009.SZ,35121,2,0,9.59,10000
2026-03-26 09:15:00.110,20260326,91500110,000009.SZ,35122,2,0,9.69,10000
2026-03-26 09:15:00.110,20260326,91500110,000009.SZ,35123,2,0,9.77,10000
2026-03-26 09:15:00.110,20260326,91500110,000009.SZ,35906,2,0,9.29,800
2026-03-26 09:15:00.110,20260326,91500110,000009.SZ,35927,2,0,9.5,500
2026-03-26 09:15:00.120,20260326,91500120,000009.SZ,36317,1,0,8.69,2200
2026-03-26 09:15:00.120,20260326,91500120,000009.SZ,36484,2,0,9.77,100
2026-03-26 09:15:00.120,20260326,91500120,000009.SZ,36591,1,0,8.3,100
2026-03-26 09:15:00.120,20260326,91500120,000009.SZ,36779,1,0,8.8,100
2026-03-26 09:15:00.120,20260326,91500120,000009.SZ,37912,2,0,9.07,500
2026-03-26 09:15:00.120,20260326,91500120,000009.SZ,37913,2,0,9.33,1000
2026-03-26 09:15:00.120,20260326,91500120,000009.SZ,38601,2,0,8.97,400
2026-03-26 09:15:00.120,20260326,91500120,000009.SZ,38602,2,0,9.38,400
2026-03-26 09:15:00.120,20260326,91500120,000009.SZ,38605,2,0,9.72,400
2026-03-26 09:15:00.120,20260326,91500120,000009.SZ,38652,2,0,8.97,19200
2026-03-26 09:15:00.120,20260326,91500120,000009.SZ,38894,2,0,9.77,5000
2026-03-26 09:15:00.120,20260326,91500120,000009.SZ,39240,2,0,9.77,500
2026-03-26 09:15:00.120,20260326,91500120,000009.SZ,39600,2,0,8.95,19200
2026-03-26 09:15:00.130,20260326,91500130,000009.SZ,41996,2,0,9.2,2000
2026-03-26 09:15:00.130,20260326,91500130,000009.SZ,42606,1,0,8.69,1500
2026-03-26 09:15:00.130,20260326,91500130,000009.SZ,42607,1,0,8.79,100
2026-03-26 09:15:00.130,20260326,91500130,000009.SZ,43400,2,0,9.65,500
2026-03-26 09:15:00.130,20260326,91500130,000009.SZ,43950,1,0,8.41,1000
2026-03-26 09:15:00.130,20260326,91500130,000009.SZ,44387,2,0,9.4,2000
2026-03-26 09:15:00.130,20260326,91500130,000009.SZ,44388,2,0,9.55,2000
2026-03-26 09:15:00.130,20260326,91500130,000009.SZ,44470,2,0,9.45,7000
2026-03-26 09:15:00.130,20260326,91500130,000009.SZ,44928,2,0,9.68,1300
2026-03-26 09:15:00.140,20260326,91500140,000009.SZ,45073,1,0,8.5,5000
2026-03-26 09:15:00.140,20260326,91500140,000009.SZ,45631,2,0,9.59,1200
2026-03-26 09:15:00.140,20260326,91500140,000009.SZ,45800,2,0,9.03,3000
2026-03-26 09:15:00.140,20260326,91500140,000009.SZ,47999,1,0,8.88,500
2026-03-26 09:15:00.140,20260326,91500140,000009.SZ,48374,1,0,8.88,500
2026-03-26 09:15:00.140,20260326,91500140,000009.SZ,48797,2,0,9.76,100
2026-03-26 09:15:00.140,20260326,91500140,000009.SZ,49071,1,0,9.77,1000
2026-03-26 09:15:00.140,20260326,91500140,000009.SZ,49255,2,0,9.76,500
2026-03-26 09:15:00.150,20260326,91500150,000009.SZ,50123,2,0,9.19,10000
2026-03-26 09:15:00.150,20260326,91500150,000009.SZ,50124,2,0,9.29,10000
2026-03-26 09:15:00.150,20260326,91500150,000009.SZ,50186,2,0,9.59,10000
2026-03-26 09:15:00.150,20260326,91500150,000009.SZ,50188,2,0,9.69,20000
2026-03-26 09:15:00.150,20260326,91500150,000009.SZ,50189,2,0,9.77,8000
2026-03-26 09:15:00.150,20260326,91500150,000009.SZ,50500,1,0,8.75,2000
2026-03-26 09:15:00.150,20260326,91500150,000009.SZ,50501,2,0,9.19,6000
2026-03-26 09:15:00.150,20260326,91500150,000009.SZ,50505,2,0,9.29,10000
2026-03-26 09:15:00.150,20260326,91500150,000009.SZ,50506,2,0,9.69,10000
2026-03-26 09:15:00.150,20260326,91500150,000009.SZ,50507,2,0,9.49,20000
2026-03-26 09:15:00.150,20260326,91500150,000009.SZ,50508,2,0,9.77,8000
2026-03-26 09:15:00.150,20260326,91500150,000009.SZ,50509,2,0,9.59,20000
2026-03-26 09:15:00.150,20260326,91500150,000009.SZ,50510,2,0,9.69,20000
2026-03-26 09:15:00.150,20260326,91500150,000009.SZ,50516,2,0,9.77,20000
2026-03-26 09:15:00.150,20260326,91500150,000009.SZ,50572,2,0,9.59,15000
2026-03-26 09:15:00.150,20260326,91500150,000009.SZ,50573,2,0,9.77,15000
2026-03-26 09:15:00.150,20260326,91500150,000009.SZ,50576,2,0,9.0,1000
2026-03-26 09:15:00.150,20260326,91500150,000009.SZ,50578,1,0,8.41,5000
2026-03-26 09:15:00.150,20260326,91500150,000009.SZ,50828,2,0,9.2,6000
2026-03-26 09:15:00.150,20260326,91500150,000009.SZ,50829,2,0,9.37,6000
2026-03-26 09:15:00.150,20260326,91500150,000009.SZ,51167,2,0,9.77,5000
2026-03-26 09:15:00.150,20260326,91500150,000009.SZ,51642,2,0,9.11,600
2026-03-26 09:15:00.150,20260326,91500150,000009.SZ,52073,1,0,8.1,300
2026-03-26 09:15:00.150,20260326,91500150,000009.SZ,53380,2,0,9.25,3000
2026-03-26 09:15:00.160,20260326,91500160,000009.SZ,54095,2,0,9.55,400
2026-03-26 09:15:00.160,20260326,91500160,000009.SZ,55158,2,0,9.77,1900
2026-03-26 09:15:00.160,20260326,91500160,000009.SZ,56560,2,0,9.27,1000
2026-03-26 09:15:00.160,20260326,91500160,000009.SZ,57215,2,0,8.95,300
2026-03-26 09:15:00.160,20260326,91500160,000009.SZ,57216,2,0,9.45,300
2026-03-26 09:15:00.170,20260326,91500170,000009.SZ,57702,2,0,9.13,2900
2026-03-26 09:15:00.170,20260326,91500170,000009.SZ,57901,2,0,9.76,600
2026-03-26 09:15:00.170,20260326,91500170,000009.SZ,58227,2,0,9.05,10000
2026-03-26 09:15:00.170,20260326,91500170,000009.SZ,58261,2,0,9.63,300
2026-03-26 09:15:00.170,20260326,91500170,000009.SZ,59763,2,0,9.27,500
2026-03-26 09:15:00.170,20260326,91500170,000009.SZ,60707,2,0,9.6,1000
2026-03-26 09:15:00.180,20260326,91500180,000009.SZ,61101,2,0,9.76,100
2026-03-26 09:15:00.180,20260326,91500180,000009.SZ,61446,1,0,8.5,200
2026-03-26 09:15:00.180,20260326,91500180,000009.SZ,61537,2,0,9.66,100
2026-03-26 09:15:00.180,20260326,91500180,000009.SZ,63871,2,0,9.46,600
2026-03-26 09:15:00.180,20260326,91500180,000009.SZ,64024,2,0,9.18,4000
2026-03-26 09:15:00.190,20260326,91500190,000009.SZ,65736,2,0,9.1,5000
2026-03-26 09:15:00.190,20260326,91500190,000009.SZ,66284,2,0,9.2,300
2026-03-26 09:15:00.190,20260326,91500190,000009.SZ,66286,2,0,9.7,300
2026-03-26 09:15:00.190,20260326,91500190,000009.SZ,66360,2,0,9.75,600
2026-03-26 09:15:00.190,20260326,91500190,000009.SZ,66604,2,0,8.98,600
2026-03-26 09:15:00.200,20260326,91500200,000009.SZ,67250,2,0,9.31,20000
2026-03-26 09:15:00.200,20260326,91500200,000009.SZ,68657,1,0,8.79,300
2026-03-26 09:15:00.200,20260326,91500200,000009.SZ,68724,1,0,8.01,200
2026-03-26 09:15:00.200,20260326,91500200,000009.SZ,69267,2,0,9.2,1000
2026-03-26 09:15:00.200,20260326,91500200,000009.SZ,69723,2,0,9.14,5000
2026-03-26 09:15:00.210,20260326,91500210,000009.SZ,71145,1,0,7.99,600
2026-03-26 09:15:00.210,20260326,91500210,000009.SZ,72377,2,0,9.7,100
2026-03-26 09:15:00.210,20260326,91500210,000009.SZ,72631,2,0,9.63,300
2026-03-26 09:15:00.210,20260326,91500210,000009.SZ,72775,2,0,9.76,100
2026-03-26 09:15:00.210,20260326,91500210,000009.SZ,72914,2,0,9.11,200
2026-03-26 09:15:00.210,20260326,91500210,000009.SZ,72964,2,0,9.33,200
2026-03-26 09:15:00.210,20260326,91500210,000009.SZ,73161,2,0,9.55,200
2026-03-26 09:15:00.220,20260326,91500220,000009.SZ,73181,2,0,9.77,200
2026-03-26 09:15:00.220,20260326,91500220,000009.SZ,74187,2,0,9.19,7000
2026-03-26 09:15:00.220,20260326,91500220,000009.SZ,74214,1,0,8.57,7000
2026-03-26 09:15:00.220,20260326,91500220,000009.SZ,74818,1,0,8.35,400
2026-03-26 09:15:00.220,20260326,91500220,000009.SZ,75263,2,0,9.5,1000
2026-03-26 09:15:00.220,20260326,91500220,000009.SZ,75870,2,0,9.09,4000
2026-03-26 09:15:00.230,20260326,91500230,000009.SZ,76254,2,0,9.2,200
2026-03-26 09:15:00.230,20260326,91500230,000009.SZ,77715,2,0,9.39,1500
2026-03-26 09:15:00.230,20260326,91500230,000009.SZ,78057,2,0,9.76,500
2026-03-26 09:15:00.240,20260326,91500240,000009.SZ,78801,2,0,8.99,3000
2026-03-26 09:15:00.240,20260326,91500240,000009.SZ,79526,1,0,7.99,2000
2026-03-26 09:15:00.240,20260326,91500240,000009.SZ,80355,2,0,9.76,600
2026-03-26 09:15:00.240,20260326,91500240,000009.SZ,80466,1,0,8.28,2000
2026-03-26 09:15:00.250,20260326,91500250,000009.SZ,81961,1,0,8.38,100
2026-03-26 09:15:00.250,20260326,91500250,000009.SZ,82030,2,0,9.69,700
2026-03-26 09:15:00.250,20260326,91500250,000009.SZ,83177,2,0,9.76,500
2026-03-26 09:15:00.260,20260326,91500260,000009.SZ,84373,2,0,9.74,600
2026-03-26 09:15:00.270,20260326,91500270,000009.SZ,86233,2,0,9.77,300
2026-03-26 09:15:00.270,20260326,91500270,000009.SZ,87427,2,0,9.76,100
2026-03-26 09:15:00.270,20260326,91500270,000009.SZ,87918,2,0,9.66,2000
2026-03-26 09:15:00.270,20260326,91500270,000009.SZ,87919,1,0,8.6,1000
2026-03-26 09:15:00.280,20260326,91500280,000009.SZ,88245,2,0,9.14,100
2026-03-26 09:15:00.280,20260326,91500280,000009.SZ,88303,2,0,9.76,3000
2026-03-26 09:15:00.280,20260326,91500280,000009.SZ,88389,2,0,9.28,3200
2026-03-26 09:15:00.280,20260326,91500280,000009.SZ,88883,2,0,9.2,1400
2026-03-26 09:15:00.280,20260326,91500280,000009.SZ,89375,2,0,9.61,1000
2026-03-26 09:15:00.290,20260326,91500290,000009.SZ,90399,1,0,8.0,100
2026-03-26 09:15:00.290,20260326,91500290,000009.SZ,90744,2,0,9.29,100
2026-03-26 09:15:00.290,20260326,91500290,000009.SZ,90745,2,0,9.69,100
2026-03-26 09:15:00.290,20260326,91500290,000009.SZ,90845,1,0,8.5,500
2026-03-26 09:15:00.290,20260326,91500290,000009.SZ,90890,2,0,9.77,1300
2026-03-26 09:15:00.300,20260326,91500300,000009.SZ,92031,1,0,8.1,400
2026-03-26 09:15:00.310,20260326,91500310,000009.SZ,94143,2,0,9.72,700
2026-03-26 09:15:00.310,20260326,91500310,000009.SZ,94355,2,0,9.0,100
2026-03-26 09:15:00.310,20260326,91500310,000009.SZ,94356,1,0,8.44,100
2026-03-26 09:15:00.310,20260326,91500310,000009.SZ,94361,1,0,8.2,100
2026-03-26 09:15:00.310,20260326,91500310,000009.SZ,94362,2,0,9.6,100
2026-03-26 09:15:00.310,20260326,91500310,000009.SZ,94363,2,0,9.5,100
2026-03-26 09:15:00.310,20260326,91500310,000009.SZ,94364,2,0,9.34,100
2026-03-26 09:15:00.310,20260326,91500310,000009.SZ,94531,2,0,9.76,6400
2026-03-26 09:15:00.320,20260326,91500320,000009.SZ,95247,2,0,9.7,100
2026-03-26 09:15:00.320,20260326,91500320,000009.SZ,95949,2,0,9.42,2000
2026-03-26 09:15:00.320,20260326,91500320,000009.SZ,95950,2,0,9.77,2000
2026-03-26 09:15:00.320,20260326,91500320,000009.SZ,96337,2,0,9.77,3000
2026-03-26 09:15:00.330,20260326,91500330,000009.SZ,96892,2,0,9.48,2100
2026-03-26 09:15:00.330,20260326,91500330,000009.SZ,97019,2,0,9.77,1100
2026-03-26 09:15:00.330,20260326,91500330,000009.SZ,97020,2,0,9.76,1100
2026-03-26 09:15:00.330,20260326,91500330,000009.SZ,97021,2,0,9.75,1100
2026-03-26 09:15:00.330,20260326,91500330,000009.SZ,97022,2,0,9.7,1100
2026-03-26 09:15:00.330,20260326,91500330,000009.SZ,97025,2,0,9.68,1100
2026-03-26 09:15:00.330,20260326,91500330,000009.SZ,97026,2,0,9.65,1100
2026-03-26 09:15:00.330,20260326,91500330,000009.SZ,97027,2,0,9.6,1100
2026-03-26 09:15:00.330,20260326,91500330,000009.SZ,97219,2,0,9.66,500
2026-03-26 09:15:00.330,20260326,91500330,000009.SZ,97223,2,0,8.99,5000
2026-03-26 09:15:00.330,20260326,91500330,000009.SZ,97370,2,0,9.05,2600
2026-03-26 09:15:00.330,20260326,91500330,000009.SZ,97841,2,0,9.18,1000
2026-03-26 09:15:00.330,20260326,91500330,000009.SZ,97844,2,0,9.28,2000
2026-03-26 09:15:00.330,20260326,91500330,000009.SZ,97846,2,0,9.38,3000
2026-03-26 09:15:00.340,20260326,91500340,000009.SZ,99105,2,0,8.98,5000
2026-03-26 09:15:00.340,20260326,91500340,000009.SZ,99106,2,0,9.08,5000
2026-03-26 09:15:00.340,20260326,91500340,000009.SZ,99108,2,0,9.18,5000
2026-03-26 09:15:00.340,20260326,91500340,000009.SZ,99109,2,0,9.28,5000
2026-03-26 09:15:00.340,20260326,91500340,000009.SZ,99112,2,0,9.38,5000
2026-03-26 09:15:00.340,20260326,91500340,000009.SZ,99117,2,0,9.48,5000
2026-03-26 09:15:00.340,20260326,91500340,000009.SZ,99119,2,0,9.58,5000
2026-03-26 09:15:00.340,20260326,91500340,000009.SZ,99120,2,0,9.68,10000
2026-03-26 09:15:00.340,20260326,91500340,000009.SZ,99121,2,0,9.77,10000
2026-03-26 09:15:00.340,20260326,91500340,000009.SZ,99165,2,0,7.99,5000
2026-03-26 09:15:00.340,20260326,91500340,000009.SZ,99471,2,0,9.76,100
2026-03-26 09:15:00.350,20260326,91500350,000009.SZ,99947,1,0,8.54,2400
2026-03-26 09:15:00.350,20260326,91500350,000009.SZ,99989,1,0,8.88,100
2026-03-26 09:15:00.350,20260326,91500350,000009.SZ,100930,2,0,9.77,500
2026-03-26 09:15:00.370,20260326,91500370,000009.SZ,103095,2,0,9.29,500
2026-03-26 09:15:00.370,20260326,91500370,000009.SZ,103356,2,0,9.12,1900
2026-03-26 09:15:00.370,20260326,91500370,000009.SZ,103973,2,0,9.25,1300
2026-03-26 09:15:00.380,20260326,91500380,000009.SZ,104822,1,0,8.67,400
2026-03-26 09:15:00.380,20260326,91500380,000009.SZ,105346,2,0,9.76,600
2026-03-26 09:15:00.390,20260326,91500390,000009.SZ,105585,2,0,9.36,100
2026-03-26 09:15:00.390,20260326,91500390,000009.SZ,106016,2,0,9.2,500
2026-03-26 09:15:00.400,20260326,91500400,000009.SZ,107696,2,0,9.01,2000
2026-03-26 09:15:00.400,20260326,91500400,000009.SZ,107697,2,0,9.09,4000
2026-03-26 09:15:00.400,20260326,91500400,000009.SZ,107698,2,0,9.11,3000
2026-03-26 09:15:00.400,20260326,91500400,000009.SZ,107730,2,0,9.19,3000
2026-03-26 09:15:00.410,20260326,91500410,000009.SZ,107915,2,0,8.99,2500
2026-03-26 09:15:00.410,20260326,91500410,000009.SZ,107919,2,0,9.05,3000
2026-03-26 09:15:00.410,20260326,91500410,000009.SZ,108102,2,0,9.28,100000
2026-03-26 09:15:00.430,20260326,91500430,000009.SZ,110163,2,0,9.75,300
2026-03-26 09:15:00.430,20260326,91500430,000009.SZ,110645,2,0,9.77,2900
2026-03-26 09:15:00.440,20260326,91500440,000009.SZ,110972,2,0,9.7,600
2026-03-26 09:15:00.440,20260326,91500440,000009.SZ,111357,2,0,8.99,600
2026-03-26 09:15:00.440,20260326,91500440,000009.SZ,111358,1,0,8.7,400
2026-03-26 09:15:00.470,20260326,91500470,000009.SZ,114210,2,0,8.95,4000
2026-03-26 09:15:00.490,20260326,91500490,000009.SZ,116016,1,0,8.7,1000
2026-03-26 09:15:00.490,20260326,91500490,000009.SZ,116368,2,0,9.03,300
2026-03-26 09:15:00.500,20260326,91500500,000009.SZ,117800,2,0,9.7,1600
2026-03-26 09:15:00.500,20260326,91500500,000009.SZ,117854,2,0,9.77,5600
2026-03-26 09:15:00.510,20260326,91500510,000009.SZ,118656,1,0,8.71,500
2026-03-26 09:15:00.510,20260326,91500510,000009.SZ,118687,2,0,9.25,600
2026-03-26 09:15:00.510,20260326,91500510,000009.SZ,118784,2,0,9.08,4000
2026-03-26 09:15:00.510,20260326,91500510,000009.SZ,118785,2,0,9.2,4000
2026-03-26 09:15:00.520,20260326,91500520,000009.SZ,119380,2,0,9.57,300
2026-03-26 09:15:00.520,20260326,91500520,000009.SZ,119583,2,0,9.15,38600
2026-03-26 09:15:00.530,20260326,91500530,000009.SZ,120339,2,0,9.6,700
2026-03-26 09:15:00.530,20260326,91500530,000009.SZ,120582,2,0,8.99,2000
2026-03-26 09:15:00.540,20260326,91500540,000009.SZ,121143,2,0,9.5,200
2026-03-26 09:15:00.540,20260326,91500540,000009.SZ,121146,1,0,8.0,300
2026-03-26 09:15:00.560,20260326,91500560,000009.SZ,123227,2,0,9.7,2300
2026-03-26 09:15:00.580,20260326,91500580,000009.SZ,124736,2,0,9.28,1000
2026-03-26 09:15:00.580,20260326,91500580,000009.SZ,124935,2,0,9.09,300
2026-03-26 09:15:00.580,20260326,91500580,000009.SZ,125171,2,0,8.94,2000
2026-03-26 09:15:00.580,20260326,91500580,000009.SZ,125474,2,0,9.7,1000
2026-03-26 09:15:00.590,20260326,91500590,000009.SZ,126078,2,0,9.33,4000
2026-03-26 09:15:00.590,20260326,91500590,000009.SZ,126361,1,0,8.8,2300
2026-03-26 09:15:00.590,20260326,91500590,000009.SZ,126763,1,0,8.63,2000
2026-03-26 09:15:00.600,20260326,91500600,000009.SZ,127308,1,0,8.67,900
2026-03-26 09:15:00.600,20260326,91500600,000009.SZ,127309,1,0,8.61,1200
2026-03-26 09:15:00.600,20260326,91500600,000009.SZ,127327,2,0,8.93,1200
2026-03-26 09:15:00.610,20260326,91500610,000009.SZ,128362,2,0,9.5,100
2026-03-26 09:15:00.610,20260326,91500610,000009.SZ,128550,2,0,9.73,500
2026-03-26 09:15:00.610,20260326,91500610,000009.SZ,129063,2,0,9.5,500
2026-03-26 09:15:00.610,20260326,91500610,000009.SZ,129075,1,0,8.48,1000
2026-03-26 09:15:00.620,20260326,91500620,000009.SZ,129551,2,0,9.1,2200
2026-03-26 09:15:00.620,20260326,91500620,000009.SZ,129802,2,0,8.92,500
2026-03-26 09:15:00.630,20260326,91500630,000009.SZ,131083,2,0,9.29,10000
2026-03-26 09:15:00.630,20260326,91500630,000009.SZ,131084,2,0,9.77,10000
2026-03-26 09:15:00.630,20260326,91500630,000009.SZ,131085,2,0,9.69,10000
2026-03-26 09:15:00.630,20260326,91500630,000009.SZ,131086,2,0,9.19,7000
2026-03-26 09:15:00.640,20260326,91500640,000009.SZ,132048,2,0,9.77,1000
2026-03-26 09:15:00.650,20260326,91500650,000009.SZ,132218,1,0,8.78,300
2026-03-26 09:15:00.650,20260326,91500650,000009.SZ,132239,2,0,9.77,10000
2026-03-26 09:15:00.650,20260326,91500650,000009.SZ,132928,2,0,9.75,1000
2026-03-26 09:15:00.650,20260326,91500650,000009.SZ,132929,2,0,9.32,1000
2026-03-26 09:15:00.670,20260326,91500670,000009.SZ,134097,2,0,8.94,4700
2026-03-26 09:15:00.670,20260326,91500670,000009.SZ,134111,2,0,9.38,1000
2026-03-26 09:15:00.670,20260326,91500670,000009.SZ,134499,1,0,8.5,500
2026-03-26 09:15:00.680,20260326,91500680,000009.SZ,135418,1,0,8.57,500
2026-03-26 09:15:00.680,20260326,91500680,000009.SZ,135586,2,0,9.69,300
2026-03-26 09:15:00.700,20260326,91500700,000009.SZ,136730,2,0,8.97,1600
2026-03-26 09:15:00.700,20260326,91500700,000009.SZ,136916,2,0,9.06,2300
2026-03-26 09:15:00.700,20260326,91500700,000009.SZ,136934,2,0,9.31,2000
2026-03-26 09:15:00.710,20260326,91500710,000009.SZ,138448,2,0,9.19,1800
2026-03-26 09:15:00.710,20260326,91500710,000009.SZ,138449,2,0,9.32,1700
2026-03-26 09:15:00.710,20260326,91500710,000009.SZ,139325,2,0,9.77,2000
2026-03-26 09:15:00.720,20260326,91500720,000009.SZ,140265,1,0,8.72,500
2026-03-26 09:15:00.730,20260326,91500730,000009.SZ,141346,2,0,9.44,1700
2026-03-26 09:15:00.730,20260326,91500730,000009.SZ,141363,2,0,9.55,1700
2026-03-26 09:15:00.730,20260326,91500730,000009.SZ,141364,2,0,9.66,1700
2026-03-26 09:15:00.730,20260326,91500730,000009.SZ,141365,2,0,9.77,1700
2026-03-26 09:15:00.740,20260326,91500740,000009.SZ,141708,1,0,8.55,22000
2026-03-26 09:15:00.740,20260326,91500740,000009.SZ,141709,1,0,8.51,23300
2026-03-26 09:15:00.740,20260326,91500740,000009.SZ,141710,1,0,8.58,23200
2026-03-26 09:15:00.750,20260326,91500750,000009.SZ,143626,2,0,9.77,100
2026-03-26 09:15:00.760,20260326,91500760,000009.SZ,143810,2,0,9.76,200
2026-03-26 09:15:00.760,20260326,91500760,000009.SZ,143811,2,0,9.56,200
2026-03-26 09:15:00.760,20260326,91500760,000009.SZ,144022,2,0,9.18,1000
2026-03-26 09:15:00.760,20260326,91500760,000009.SZ,144033,2,0,9.48,1000
2026-03-26 09:15:00.760,20260326,91500760,000009.SZ,144253,2,0,9.73,2000
2026-03-26 09:15:00.760,20260326,91500760,000009.SZ,144479,1,0,8.88,2000
2026-03-26 09:15:00.760,20260326,91500760,000009.SZ,144500,1,0,8.64,2000
2026-03-26 09:15:00.770,20260326,91500770,000009.SZ,144856,2,0,9.77,10000
2026-03-26 09:15:00.770,20260326,91500770,000009.SZ,145083,1,0,8.02,800
2026-03-26 09:15:00.770,20260326,91500770,000009.SZ,145146,1,0,8.3,800
2026-03-26 09:15:00.770,20260326,91500770,000009.SZ,145208,1,0,8.88,5000
2026-03-26 09:15:00.780,20260326,91500780,000009.SZ,146262,2,0,9.77,2500
2026-03-26 09:15:00.790,20260326,91500790,000009.SZ,146514,2,0,9.0,100
2026-03-26 09:15:00.800,20260326,91500800,000009.SZ,147019,1,0,8.76,1500
2026-03-26 09:15:00.810,20260326,91500810,000009.SZ,147647,2,0,9.38,1000
2026-03-26 09:15:00.810,20260326,91500810,000009.SZ,147648,2,0,9.28,1000
2026-03-26 09:15:00.820,20260326,91500820,000009.SZ,148372,2,0,9.11,400
2026-03-26 09:15:00.820,20260326,91500820,000009.SZ,148373,2,0,9.24,500
2026-03-26 09:15:00.820,20260326,91500820,000009.SZ,148374,2,0,9.77,1000
2026-03-26 09:15:00.840,20260326,91500840,000009.SZ,149064,2,0,9.75,1500
2026-03-26 09:15:00.840,20260326,91500840,000009.SZ,149171,2,0,9.77,2000
2026-03-26 09:15:00.840,20260326,91500840,000009.SZ,149173,2,0,9.18,400
2026-03-26 09:15:00.840,20260326,91500840,000009.SZ,149174,2,0,9.76,2000
2026-03-26 09:15:00.840,20260326,91500840,000009.SZ,149619,2,0,9.1,400
2026-03-26 09:15:00.840,20260326,91500840,000009.SZ,149723,1,0,8.68,1000
2026-03-26 09:15:00.850,20260326,91500850,000009.SZ,150357,2,0,9.44,1000
2026-03-26 09:15:00.850,20260326,91500850,000009.SZ,150365,2,0,9.09,700
2026-03-26 09:15:00.850,20260326,91500850,000009.SZ,150367,2,0,9.77,1000
2026-03-26 09:15:00.870,20260326,91500870,000009.SZ,151236,2,0,9.33,2500
2026-03-26 09:15:00.870,20260326,91500870,000009.SZ,151237,2,0,9.6,2000
2026-03-26 09:15:00.880,20260326,91500880,000009.SZ,151616,1,0,8.85,2000
2026-03-26 09:15:00.880,20260326,91500880,000009.SZ,152012,2,0,8.95,400
2026-03-26 09:15:00.890,20260326,91500890,000009.SZ,152943,2,0,9.75,100
2026-03-26 09:15:00.900,20260326,91500900,000009.SZ,153574,1,0,8.45,300
2026-03-26 09:15:00.950,20260326,91500950,000009.SZ,156667,2,0,9.77,100
2026-03-26 09:15:00.950,20260326,91500950,000009.SZ,156741,2,0,8.99,1500
2026-03-26 09:15:00.960,20260326,91500960,000009.SZ,157015,1,0,8.0,500
2026-03-26 09:15:00.960,20260326,91500960,000009.SZ,157070,2,0,9.35,3500
2026-03-26 09:15:00.960,20260326,91500960,000009.SZ,157241,2,0,9.75,100
2026-03-26 09:15:00.960,20260326,91500960,000009.SZ,157294,2,0,9.25,100
2026-03-26 09:15:00.970,20260326,91500970,000009.SZ,157945,2,0,9.18,1000
2026-03-26 09:15:00.990,20260326,91500990,000009.SZ,158652,1,0,8.41,500
2026-03-26 09:15:01.000,20260326,91501000,000009.SZ,158913,2,0,9.03,3000
2026-03-26 09:15:01.010,20260326,91501010,000009.SZ,159454,2,0,9.28,2000
2026-03-26 09:15:01.040,20260326,91501040,000009.SZ,161480,2,0,9.22,100
2026-03-26 09:15:01.040,20260326,91501040,000009.SZ,161487,2,0,9.38,100
2026-03-26 09:15:01.040,20260326,91501040,000009.SZ,162090,2,0,9.06,11100
2026-03-26 09:15:01.040,20260326,91501040,000009.SZ,162237,2,0,9.1,100
2026-03-26 09:15:01.060,20260326,91501060,000009.SZ,163871,1,0,8.6,800
2026-03-26 09:15:01.060,20260326,91501060,000009.SZ,163960,1,0,9.55,15800
2026-03-26 09:15:01.060,20260326,91501060,000009.SZ,163962,2,0,9.48,5000
2026-03-26 09:15:01.080,20260326,91501080,000009.SZ,164471,2,0,9.77,600
2026-03-26 09:15:01.080,20260326,91501080,000009.SZ,164472,2,0,9.55,600
2026-03-26 09:15:01.080,20260326,91501080,000009.SZ,164473,2,0,9.35,600
2026-03-26 09:15:01.080,20260326,91501080,000009.SZ,164474,2,0,9.15,600
2026-03-26 09:15:01.080,20260326,91501080,000009.SZ,164476,2,0,8.95,600
2026-03-26 09:15:01.080,20260326,91501080,000009.SZ,164479,2,0,9.65,600
2026-03-26 09:15:01.080,20260326,91501080,000009.SZ,164480,2,0,9.45,600
2026-03-26 09:15:01.080,20260326,91501080,000009.SZ,164481,2,0,9.25,600
2026-03-26 09:15:01.080,20260326,91501080,000009.SZ,164484,1,0,8.0,700
2026-03-26 09:15:01.080,20260326,91501080,000009.SZ,164485,1,0,8.1,700
2026-03-26 09:15:01.080,20260326,91501080,000009.SZ,164487,1,0,8.2,700
2026-03-26 09:15:01.080,20260326,91501080,000009.SZ,164488,1,0,8.3,700
2026-03-26 09:15:01.090,20260326,91501090,000009.SZ,165580,1,0,8.55,100
2026-03-26 09:15:01.100,20260326,91501100,000009.SZ,165686,2,0,9.15,300
2026-03-26 09:15:01.100,20260326,91501100,000009.SZ,165688,2,0,9.4,300
2026-03-26 09:15:01.100,20260326,91501100,000009.SZ,165690,2,0,9.77,1000
2026-03-26 09:15:01.120,20260326,91501120,000009.SZ,167777,1,0,8.7,10000
2026-03-26 09:15:01.120,20260326,91501120,000009.SZ,167778,1,0,8.6,10000
2026-03-26 09:15:01.140,20260326,91501140,000009.SZ,168517,1,0,8.66,100
2026-03-26 09:15:01.140,20260326,91501140,000009.SZ,168897,2,0,9.77,2100
2026-03-26 09:15:01.140,20260326,91501140,000009.SZ,169170,2,0,9.06,16200
2026-03-26 09:15:01.140,20260326,91501140,000009.SZ,169242,1,0,8.6,100
2026-03-26 09:15:01.140,20260326,91501140,000009.SZ,169243,1,0,8.14,100
2026-03-26 09:15:01.150,20260326,91501150,000009.SZ,169532,2,0,9.77,1000
2026-03-26 09:15:01.170,20260326,91501170,000009.SZ,170622,2,0,9.39,1000
2026-03-26 09:15:01.170,20260326,91501170,000009.SZ,170623,2,0,9.69,1000
2026-03-26 09:15:01.170,20260326,91501170,000009.SZ,170847,2,0,9.58,8000
2026-03-26 09:15:01.180,20260326,91501180,000009.SZ,171890,1,0,8.5,1000
2026-03-26 09:15:01.200,20260326,91501200,000009.SZ,172917,1,0,8.55,1000
2026-03-26 09:15:01.200,20260326,91501200,000009.SZ,173188,2,0,9.59,10000
2026-03-26 09:15:01.200,20260326,91501200,000009.SZ,173234,1,0,8.5,10000
2026-03-26 09:15:01.200,20260326,91501200,000009.SZ,173298,1,0,8.52,7800
2026-03-26 09:15:01.200,20260326,91501200,000009.SZ,173630,2,0,8.88,1700
2026-03-26 09:15:01.220,20260326,91501220,000009.SZ,174700,2,0,9.25,400
2026-03-26 09:15:01.230,20260326,91501230,000009.SZ,175964,2,0,9.61,3500
2026-03-26 09:15:01.230,20260326,91501230,000009.SZ,176089,2,0,9.22,400
2026-03-26 09:15:01.230,20260326,91501230,000009.SZ,176438,2,0,9.57,3500
2026-03-26 09:15:01.230,20260326,91501230,000009.SZ,176499,2,0,9.38,100
2026-03-26 09:15:01.240,20260326,91501240,000009.SZ,176852,2,0,9.04,400
2026-03-26 09:15:01.250,20260326,91501250,000009.SZ,177171,2,0,9.77,1200
2026-03-26 09:15:01.290,20260326,91501290,000009.SZ,178870,2,0,9.7,300
2026-03-26 09:15:01.310,20260326,91501310,000009.SZ,179919,2,0,9.39,3000
2026-03-26 09:15:01.320,20260326,91501320,000009.SZ,180245,1,0,8.8,100
2026-03-26 09:15:01.370,20260326,91501370,000009.SZ,182596,2,0,9.7,500
2026-03-26 09:15:01.390,20260326,91501390,000009.SZ,184388,1,0,8.3,1500
2026-03-26 09:15:01.400,20260326,91501400,000009.SZ,184942,2,0,9.28,2000
2026-03-26 09:15:01.430,20260326,91501430,000009.SZ,186034,2,0,9.75,300
2026-03-26 09:15:01.430,20260326,91501430,000009.SZ,186256,2,0,9.38,2000
2026-03-26 09:15:01.460,20260326,91501460,000009.SZ,187335,1,0,8.6,100
2026-03-26 09:15:01.460,20260326,91501460,000009.SZ,187522,2,0,9.5,600
2026-03-26 09:15:01.530,20260326,91501530,000009.SZ,189196,2,0,9.66,4100
2026-03-26 09:15:01.530,20260326,91501530,000009.SZ,189197,2,0,9.75,6000
2026-03-26 09:15:01.530,20260326,91501530,000009.SZ,189200,2,0,9.3,4500
2026-03-26 09:15:01.540,20260326,91501540,000009.SZ,189540,2,0,9.76,2000
2026-03-26 09:15:01.540,20260326,91501540,000009.SZ,189649,2,0,9.53,200
2026-03-26 09:15:01.570,20260326,91501570,000009.SZ,190837,1,0,8.71,10200
2026-03-26 09:15:01.570,20260326,91501570,000009.SZ,190876,1,0,8.5,100
2026-03-26 09:15:01.570,20260326,91501570,000009.SZ,190878,2,0,9.0,100
2026-03-26 09:15:01.570,20260326,91501570,000009.SZ,190879,2,0,9.25,100
2026-03-26 09:15:01.580,20260326,91501580,000009.SZ,191014,2,0,9.77,10000
2026-03-26 09:15:01.580,20260326,91501580,000009.SZ,191072,2,0,9.77,100
2026-03-26 09:15:01.580,20260326,91501580,000009.SZ,191074,2,0,9.77,12500
2026-03-26 09:15:01.580,20260326,91501580,000009.SZ,191075,2,0,9.3,3000
2026-03-26 09:15:01.580,20260326,91501580,000009.SZ,191078,2,0,9.2,1000
2026-03-26 09:15:01.580,20260326,91501580,000009.SZ,191405,2,0,9.77,1700
2026-03-26 09:15:01.590,20260326,91501590,000009.SZ,191545,2,0,9.31,9000
2026-03-26 09:15:01.590,20260326,91501590,000009.SZ,191553,2,0,9.31,9000
2026-03-26 09:15:01.590,20260326,91501590,000009.SZ,191569,2,0,9.31,10700
2026-03-26 09:15:01.620,20260326,91501620,000009.SZ,193048,2,0,9.03,12000
2026-03-26 09:15:01.640,20260326,91501640,000009.SZ,193837,2,0,9.03,800
2026-03-26 09:15:01.640,20260326,91501640,000009.SZ,194167,1,0,8.88,300
2026-03-26 09:15:01.660,20260326,91501660,000009.SZ,195065,2,0,9.77,1300
2026-03-26 09:15:01.680,20260326,91501680,000009.SZ,195613,2,0,9.15,9400
2026-03-26 09:15:01.680,20260326,91501680,000009.SZ,195736,2,0,9.14,300
2026-03-26 09:15:01.690,20260326,91501690,000009.SZ,196195,2,0,9.11,600
2026-03-26 09:15:01.700,20260326,91501700,000009.SZ,197473,2,0,9.18,2000
2026-03-26 09:15:01.700,20260326,91501700,000009.SZ,197479,2,0,9.48,1000
2026-03-26 09:15:01.700,20260326,91501700,000009.SZ,197481,2,0,9.7,1000
2026-03-26 09:15:01.700,20260326,91501700,000009.SZ,197518,1,0,8.8,100
2026-03-26 09:15:01.700,20260326,91501700,000009.SZ,197528,2,0,8.97,100
2026-03-26 09:15:01.700,20260326,91501700,000009.SZ,197529,2,0,9.06,100
2026-03-26 09:15:01.710,20260326,91501710,000009.SZ,197797,1,0,8.66,200
2026-03-26 09:15:01.710,20260326,91501710,000009.SZ,198160,2,0,9.77,2600
2026-03-26 09:15:01.710,20260326,91501710,000009.SZ,198169,2,0,9.77,2600
2026-03-26 09:15:01.730,20260326,91501730,000009.SZ,199358,2,0,9.76,1200
2026-03-26 09:15:01.740,20260326,91501740,000009.SZ,199468,2,0,9.34,1000
2026-03-26 09:15:01.750,20260326,91501750,000009.SZ,200249,2,0,9.3,100
2026-03-26 09:15:01.750,20260326,91501750,000009.SZ,200250,2,0,9.77,100
2026-03-26 09:15:01.750,20260326,91501750,000009.SZ,200677,1,0,8.51,700
2026-03-26 09:15:01.770,20260326,91501770,000009.SZ,201840,1,0,8.81,1000
2026-03-26 09:15:01.780,20260326,91501780,000009.SZ,201974,2,0,9.44,100
2026-03-26 09:15:01.780,20260326,91501780,000009.SZ,201975,2,0,9.71,100
2026-03-26 09:15:01.800,20260326,91501800,000009.SZ,203110,2,0,9.66,500
2026-03-26 09:15:01.800,20260326,91501800,000009.SZ,203115,2,0,9.26,300
2026-03-26 09:15:01.830,20260326,91501830,000009.SZ,204228,2,0,9.76,200
2026-03-26 09:15:01.830,20260326,91501830,000009.SZ,204302,2,0,9.06,2000
2026-03-26 09:15:01.850,20260326,91501850,000009.SZ,205292,1,0,8.88,1000
2026-03-26 09:15:01.850,20260326,91501850,000009.SZ,205357,2,0,9.66,2900
2026-03-26 09:15:01.860,20260326,91501860,000009.SZ,205497,2,0,9.77,3000
2026-03-26 09:15:01.860,20260326,91501860,000009.SZ,205607,1,0,8.58,300
2026-03-26 09:15:01.870,20260326,91501870,000009.SZ,206095,1,0,8.5,2000
2026-03-26 09:15:01.870,20260326,91501870,000009.SZ,206102,2,0,9.6,2000
2026-03-26 09:15:01.880,20260326,91501880,000009.SZ,206234,2,0,9.5,3500
2026-03-26 09:15:01.890,20260326,91501890,000009.SZ,206736,2,0,9.75,1000
2026-03-26 09:15:01.900,20260326,91501900,000009.SZ,207225,1,0,9.15,500
2026-03-26 09:15:01.900,20260326,91501900,000009.SZ,207429,2,0,9.09,1300
2026-03-26 09:15:01.920,20260326,91501920,000009.SZ,208172,2,0,9.6,1000
2026-03-26 09:15:01.930,20260326,91501930,000009.SZ,208618,1,0,8.73,500
2026-03-26 09:15:01.930,20260326,91501930,000009.SZ,208655,2,0,9.02,500
2026-03-26 09:15:01.930,20260326,91501930,000009.SZ,208741,2,0,9.14,6300
2026-03-26 09:15:01.960,20260326,91501960,000009.SZ,209924,1,0,8.83,600
2026-03-26 09:15:01.980,20260326,91501980,000009.SZ,210548,2,0,9.09,200
2026-03-26 09:15:01.990,20260326,91501990,000009.SZ,210798,2,0,9.15,500
2026-03-26 09:15:02.010,20260326,91502010,000009.SZ,211530,2,0,9.77,20000
2026-03-26 09:15:02.020,20260326,91502020,000009.SZ,211661,2,0,8.97,300
2026-03-26 09:15:02.030,20260326,91502030,000009.SZ,212562,1,0,8.11,200
2026-03-26 09:15:02.070,20260326,91502070,000009.SZ,214005,2,0,8.96,1600
2026-03-26 09:15:02.110,20260326,91502110,000009.SZ,215236,2,0,9.76,5000
2026-03-26 09:15:02.120,20260326,91502120,000009.SZ,215315,2,0,8.86,200
2026-03-26 09:15:02.170,20260326,91502170,000009.SZ,216955,1,0,8.75,2000
2026-03-26 09:15:02.180,20260326,91502180,000009.SZ,217242,1,0,8.6,500
2026-03-26 09:15:02.180,20260326,91502180,000009.SZ,217259,1,0,8.65,500
2026-03-26 09:15:02.210,20260326,91502210,000009.SZ,218881,2,0,9.76,300
2026-03-26 09:15:02.210,20260326,91502210,000009.SZ,219304,1,0,8.7,1000
2026-03-26 09:15:02.220,20260326,91502220,000009.SZ,219741,1,0,8.7,3000
2026-03-26 09:15:02.220,20260326,91502220,000009.SZ,219874,1,0,8.5,500
2026-03-26 09:15:02.230,20260326,91502230,000009.SZ,219893,2,0,9.05,3300
2026-03-26 09:15:02.250,20260326,91502250,000009.SZ,221011,2,0,9.6,1000
2026-03-26 09:15:02.310,20260326,91502310,000009.SZ,222589,1,0,8.41,600
2026-03-26 09:15:02.330,20260326,91502330,000009.SZ,223265,1,0,8.5,300
2026-03-26 09:15:02.330,20260326,91502330,000009.SZ,223271,1,0,8.0,500
2026-03-26 09:15:02.340,20260326,91502340,000009.SZ,223747,1,0,8.5,4000
2026-03-26 09:15:02.340,20260326,91502340,000009.SZ,223748,1,0,8.55,2000
2026-03-26 09:15:02.340,20260326,91502340,000009.SZ,223750,1,0,8.6,1500
2026-03-26 09:15:02.350,20260326,91502350,000009.SZ,224090,1,0,8.82,900
2026-03-26 09:15:02.370,20260326,91502370,000009.SZ,224749,2,0,9.36,3500
2026-03-26 09:15:02.380,20260326,91502380,000009.SZ,225136,1,0,8.38,21900
2026-03-26 09:15:02.380,20260326,91502380,000009.SZ,225259,2,0,9.39,1000
2026-03-26 09:15:02.390,20260326,91502390,000009.SZ,225316,2,0,9.38,100
2026-03-26 09:15:02.390,20260326,91502390,000009.SZ,225492,2,0,9.74,100
2026-03-26 09:15:02.400,20260326,91502400,000009.SZ,225842,2,0,9.37,1800
2026-03-26 09:15:02.420,20260326,91502420,000009.SZ,226434,1,0,8.0,300
2026-03-26 09:15:02.440,20260326,91502440,000009.SZ,227023,2,0,9.46,4000
2026-03-26 09:15:02.450,20260326,91502450,000009.SZ,227493,2,0,9.77,4400
2026-03-26 09:15:02.500,20260326,91502500,000009.SZ,228121,2,0,8.95,1600
2026-03-26 09:15:02.590,20260326,91502590,000009.SZ,229915,2,0,9.12,100
2026-03-26 09:15:02.590,20260326,91502590,000009.SZ,230014,2,0,9.77,5000
2026-03-26 09:15:02.620,20260326,91502620,000009.SZ,230695,2,0,9.09,1000
2026-03-26 09:15:02.630,20260326,91502630,000009.SZ,231212,1,0,8.88,200
2026-03-26 09:15:02.640,20260326,91502640,000009.SZ,231424,1,0,8.08,5000
2026-03-26 09:15:02.650,20260326,91502650,000009.SZ,231659,1,0,8.63,1500
2026-03-26 09:15:02.650,20260326,91502650,000009.SZ,231926,2,0,9.09,100
2026-03-26 09:15:02.700,20260326,91502700,000009.SZ,233167,2,0,9.0,1000
2026-03-26 09:15:02.710,20260326,91502710,000009.SZ,233702,2,0,8.88,100
2026-03-26 09:15:02.720,20260326,91502720,000009.SZ,233991,2,0,9.01,200
2026-03-26 09:15:02.720,20260326,91502720,000009.SZ,233992,2,0,8.98,100
2026-03-26 09:15:02.740,20260326,91502740,000009.SZ,234737,2,0,9.77,3000
2026-03-26 09:15:02.750,20260326,91502750,000009.SZ,235321,1,0,8.0,3000
2026-03-26 09:15:02.790,20260326,91502790,000009.SZ,236319,2,0,9.77,200
2026-03-26 09:15:02.830,20260326,91502830,000009.SZ,236907,2,0,9.6,8000
2026-03-26 09:15:02.840,20260326,91502840,000009.SZ,237067,1,0,8.6,4000
2026-03-26 09:15:02.840,20260326,91502840,000009.SZ,237077,2,0,9.03,5000
2026-03-26 09:15:03.060,20260326,91503060,000009.SZ,240492,2,0,9.77,2200
2026-03-26 09:15:03.060,20260326,91503060,000009.SZ,240566,1,0,8.78,100
2026-03-26 09:15:03.060,20260326,91503060,000009.SZ,240596,1,0,8.64,1700
2026-03-26 09:15:03.070,20260326,91503070,000009.SZ,240711,2,0,9.32,800
2026-03-26 09:15:03.110,20260326,91503110,000009.SZ,241353,1,0,8.7,300
2026-03-26 09:15:03.170,20260326,91503170,000009.SZ,242245,1,0,8.63,5000
2026-03-26 09:15:03.170,20260326,91503170,000009.SZ,242252,2,0,9.77,200
2026-03-26 09:15:03.190,20260326,91503190,000009.SZ,242685,2,0,9.3,3000
2026-03-26 09:15:03.200,20260326,91503200,000009.SZ,243025,2,0,9.68,400
2026-03-26 09:15:03.200,20260326,91503200,000009.SZ,243137,1,0,8.28,2000
2026-03-26 09:15:03.210,20260326,91503210,000009.SZ,243283,1,0,8.78,500
2026-03-26 09:15:03.210,20260326,91503210,000009.SZ,243350,2,0,9.77,1100
2026-03-26 09:15:03.210,20260326,91503210,000009.SZ,243514,1,0,8.46,1000
2026-03-26 09:15:03.230,20260326,91503230,000009.SZ,244239,2,0,9.08,1000
2026-03-26 09:15:03.230,20260326,91503230,000009.SZ,244310,1,0,8.8,500
2026-03-26 09:15:03.230,20260326,91503230,000009.SZ,244325,1,0,8.74,500
2026-03-26 09:15:03.250,20260326,91503250,000009.SZ,244936,2,0,8.96,100
2026-03-26 09:15:03.270,20260326,91503270,000009.SZ,245229,2,0,9.77,4900
2026-03-26 09:15:03.270,20260326,91503270,000009.SZ,245247,2,0,9.74,4400
2026-03-26 09:15:03.310,20260326,91503310,000009.SZ,245957,2,0,9.5,500
2026-03-26 09:15:03.320,20260326,91503320,000009.SZ,246060,2,0,9.29,1400
2026-03-26 09:15:03.370,20260326,91503370,000009.SZ,246695,2,0,9.76,400
2026-03-26 09:15:03.480,20260326,91503480,000009.SZ,248192,2,0,9.15,2000
2026-03-26 09:15:03.640,20260326,91503640,000009.SZ,249519,1,0,8.0,300
2026-03-26 09:15:03.650,20260326,91503650,000009.SZ,249771,2,0,9.77,100
2026-03-26 09:15:03.680,20260326,91503680,000009.SZ,250238,2,0,9.77,1000
2026-03-26 09:15:03.790,20260326,91503790,000009.SZ,251874,2,0,9.65,1200
2026-03-26 09:15:03.910,20260326,91503910,000009.SZ,252688,2,0,9.1,600
2026-03-26 09:15:03.970,20260326,91503970,000009.SZ,253389,2,0,9.07,500
2026-03-26 09:15:04.010,20260326,91504010,000009.SZ,253748,2,0,9.08,500
2026-03-26 09:15:04.010,20260326,91504010,000009.SZ,253750,2,0,9.33,600
2026-03-26 09:15:04.010,20260326,91504010,000009.SZ,253755,2,0,9.75,1000
2026-03-26 09:15:04.040,20260326,91504040,000009.SZ,253982,2,0,9.74,3300
2026-03-26 09:15:04.200,20260326,91504200,000009.SZ,255297,1,0,8.9,500
2026-03-26 09:15:04.220,20260326,91504220,000009.SZ,255890,1,0,8.5,1200
2026-03-26 09:15:04.220,20260326,91504220,000009.SZ,255891,1,0,8.6,1200
2026-03-26 09:15:04.260,20260326,91504260,000009.SZ,256504,2,0,9.75,100
2026-03-26 09:15:04.260,20260326,91504260,000009.SZ,256505,1,0,8.4,1200
2026-03-26 09:15:04.340,20260326,91504340,000009.SZ,257213,2,0,9.77,17200
2026-03-26 09:15:04.380,20260326,91504380,000009.SZ,257402,2,0,9.5,400
2026-03-26 09:15:04.490,20260326,91504490,000009.SZ,258376,1,0,8.7,2000
2026-03-26 09:15:04.630,20260326,91504630,000009.SZ,259024,2,0,9.5,2000
2026-03-26 09:15:04.680,20260326,91504680,000009.SZ,259433,2,0,9.61,500
2026-03-26 09:15:04.680,20260326,91504680,000009.SZ,259474,2,0,9.77,500
2026-03-26 09:15:04.760,20260326,91504760,000009.SZ,260110,2,0,9.47,1500
2026-03-26 09:15:04.890,20260326,91504890,000009.SZ,260591,2,0,9.18,7000
2026-03-26 09:15:04.930,20260326,91504930,000009.SZ,260699,2,0,9.61,500
2026-03-26 09:15:05.120,20260326,91505120,000009.SZ,261625,1,0,8.48,30000
2026-03-26 09:15:05.240,20260326,91505240,000009.SZ,262282,2,0,9.28,1000
2026-03-26 09:15:05.320,20260326,91505320,000009.SZ,262691,2,0,9.67,6000
2026-03-26 09:15:05.320,20260326,91505320,000009.SZ,262692,2,0,9.61,6000
2026-03-26 09:15:05.320,20260326,91505320,000009.SZ,262724,2,0,9.39,1400
2026-03-26 09:15:05.380,20260326,91505380,000009.SZ,263037,2,0,9.19,100
2026-03-26 09:15:05.380,20260326,91505380,000009.SZ,263059,2,0,9.77,1400
2026-03-26 09:15:05.410,20260326,91505410,000009.SZ,263273,2,0,9.13,5100
2026-03-26 09:15:05.460,20260326,91505460,000009.SZ,263677,2,0,9.77,14800
2026-03-26 09:15:05.690,20260326,91505690,000009.SZ,264566,2,0,9.0,2000
2026-03-26 09:15:05.690,20260326,91505690,000009.SZ,264597,1,0,8.37,1800
2026-03-26 09:15:06.220,20260326,91506220,000009.SZ,266053,2,0,9.19,100
2026-03-26 09:15:06.220,20260326,91506220,000009.SZ,266054,1,0,8.51,100
2026-03-26 09:15:06.550,20260326,91506550,000009.SZ,267044,2,0,9.77,100
2026-03-26 09:15:06.550,20260326,91506550,000009.SZ,267046,2,0,9.77,600
2026-03-26 09:15:06.570,20260326,91506570,000009.SZ,267070,2,0,9.77,1400
2026-03-26 09:15:06.620,20260326,91506620,000009.SZ,267249,1,0,8.48,700
2026-03-26 09:15:08.050,20260326,91508050,000009.SZ,268544,1,0,8.8,300
2026-03-26 09:15:12.200,20260326,91512200,000009.SZ,269501,2,0,8.97,200
2026-03-26 09:15:12.200,20260326,91512200,000009.SZ,269502,1,0,8.83,200
2026-03-26 09:15:22.570,20260326,91522570,000009.SZ,271455,1,0,8.48,300
2026-03-26 09:15:25.090,20260326,91525090,000009.SZ,271959,2,0,9.77,700
2026-03-26 09:15:29.260,20260326,91529260,000009.SZ,272890,2,0,8.93,100
2026-03-26 09:15:36.630,20260326,91536630,000009.SZ,274484,1,0,7.99,600
2026-03-26 09:15:38.360,20260326,91538360,000009.SZ,274901,1,0,8.5,100
2026-03-26 09:15:38.360,20260326,91538360,000009.SZ,274902,2,0,9.3,100
2026-03-26 09:15:38.920,20260326,91538920,000009.SZ,274981,2,0,9.05,300
2026-03-26 09:15:39.450,20260326,91539450,000009.SZ,275112,2,0,9.77,2000
2026-03-26 09:15:47.110,20260326,91547110,000009.SZ,276912,2,0,8.95,500
2026-03-26 09:15:49.100,20260326,91549100,000009.SZ,277410,2,0,9.77,300
2026-03-26 09:15:49.620,20260326,91549620,000009.SZ,277531,1,0,8.77,200
2026-03-26 09:15:49.620,20260326,91549620,000009.SZ,277532,2,0,9.06,200
2026-03-26 09:15:50.510,20260326,91550510,000009.SZ,277750,2,0,9.76,7800
2026-03-26 09:15:50.600,20260326,91550600,000009.SZ,277775,2,0,8.95,500
2026-03-26 09:15:53.360,20260326,91553360,000009.SZ,278499,2,0,9.04,1000
2026-03-26 09:15:58.100,20260326,91558100,000009.SZ,279782,2,0,9.26,500
2026-03-26 09:16:00.140,20260326,91600140,000009.SZ,280402,2,0,9.09,1000
2026-03-26 09:16:03.150,20260326,91603150,000009.SZ,281237,1,0,8.04,100
2026-03-26 09:16:03.150,20260326,91603150,000009.SZ,281238,2,0,9.31,100
2026-03-26 09:16:04.500,20260326,91604500,000009.SZ,281708,2,0,8.92,100
2026-03-26 09:16:06.790,20260326,91606790,000009.SZ,282379,2,0,9.34,200
2026-03-26 09:16:10.530,20260326,91610530,000009.SZ,283423,2,0,8.96,100
2026-03-26 09:16:14.320,20260326,91614320,000009.SZ,284376,2,0,9.26,2000
2026-03-26 09:16:16.580,20260326,91616580,000009.SZ,284964,2,0,9.0,100
2026-03-26 09:16:19.530,20260326,91619530,000009.SZ,285768,2,0,9.16,3000
2026-03-26 09:16:19.570,20260326,91619570,000009.SZ,285789,2,0,9.01,1000
2026-03-26 09:16:22.690,20260326,91622690,000009.SZ,286606,2,0,9.05,100
2026-03-26 09:16:28.300,20260326,91628300,000009.SZ,288135,2,0,9.38,1000
2026-03-26 09:16:28.730,20260326,91628730,000009.SZ,288244,2,0,9.1,100
2026-03-26 09:16:30.380,20260326,91630380,000009.SZ,288737,2,0,8.95,200
2026-03-26 09:16:31.600,20260326,91631600,000009.SZ,289049,2,0,9.77,500
2026-03-26 09:16:31.940,20260326,91631940,000009.SZ,289178,2,0,9.57,300
2026-03-26 09:16:34.800,20260326,91634800,000009.SZ,289953,1,0,8.84,100
2026-03-26 09:16:37.450,20260326,91637450,000009.SZ,290728,2,0,9.19,100
2026-03-26 09:16:37.630,20260326,91637630,000009.SZ,290784,1,0,8.08,200
2026-03-26 09:16:41.540,20260326,91641540,000009.SZ,291878,1,0,8.1,300
2026-03-26 09:16:42.510,20260326,91642510,000009.SZ,292171,2,0,9.29,500
2026-03-26 09:16:46.370,20260326,91646370,000009.SZ,293258,2,0,9.18,500
2026-03-26 09:16:53.680,20260326,91653680,000009.SZ,295306,2,0,8.93,1100
2026-03-26 09:16:57.640,20260326,91657640,000009.SZ,296467,2,0,9.77,1000
2026-03-26 09:16:59.650,20260326,91659650,000009.SZ,297197,2,0,9.07,100
2026-03-26 09:17:01.050,20260326,91701050,000009.SZ,297657,2,0,9.77,10000
2026-03-26 09:17:08.480,20260326,91708480,000009.SZ,299873,2,0,8.88,1300
2026-03-26 09:17:10.090,20260326,91710090,000009.SZ,300368,2,0,9.17,5500
2026-03-26 09:17:12.160,20260326,91712160,000009.SZ,300977,2,0,9.07,27200
2026-03-26 09:17:12.580,20260326,91712580,000009.SZ,301114,2,0,9.2,1000
2026-03-26 09:17:14.610,20260326,91714610,000009.SZ,301718,1,0,8.6,1200
2026-03-26 09:17:15.390,20260326,91715390,000009.SZ,301958,2,0,8.95,1000
2026-03-26 09:17:15.470,20260326,91715470,000009.SZ,301987,2,0,9.77,500
2026-03-26 09:17:19.510,20260326,91719510,000009.SZ,303173,1,0,8.95,300
2026-03-26 09:17:23.630,20260326,91723630,000009.SZ,304421,1,0,8.42,1600
2026-03-26 09:17:25.990,20260326,91725990,000009.SZ,305191,2,0,9.77,400
2026-03-26 09:17:30.710,20260326,91730710,000009.SZ,306620,2,0,9.26,1000
2026-03-26 09:17:31.900,20260326,91731900,000009.SZ,307005,2,0,9.0,600
2026-03-26 09:17:33.400,20260326,91733400,000009.SZ,307493,2,0,9.3,1000
2026-03-26 09:17:33.420,20260326,91733420,000009.SZ,307498,2,0,9.65,5000
2026-03-26 09:17:35.030,20260326,91735030,000009.SZ,308020,2,0,9.1,200
2026-03-26 09:17:35.960,20260326,91735960,000009.SZ,308296,2,0,9.0,1000
2026-03-26 09:17:37.040,20260326,91737040,000009.SZ,308630,2,0,9.1,3000
2026-03-26 09:17:49.150,20260326,91749150,000009.SZ,312576,2,0,9.0,200
2026-03-26 09:17:49.250,20260326,91749250,000009.SZ,312621,2,0,9.45,500
2026-03-26 09:17:52.620,20260326,91752620,000009.SZ,313739,2,0,9.5,4000
2026-03-26 09:18:02.230,20260326,91802230,000009.SZ,317035,2,0,9.1,500
2026-03-26 09:18:05.460,20260326,91805460,000009.SZ,318158,2,0,9.1,1000
2026-03-26 09:18:06.070,20260326,91806070,000009.SZ,318374,2,0,9.7,5000
2026-03-26 09:18:08.590,20260326,91808590,000009.SZ,319194,2,0,9.33,2000
2026-03-26 09:18:18.180,20260326,91818180,000009.SZ,322590,2,0,9.0,2500
2026-03-26 09:18:20.260,20260326,91820260,000009.SZ,323295,2,0,9.77,200
2026-03-26 09:18:21.270,20260326,91821270,000009.SZ,323641,2,0,9.28,1000
2026-03-26 09:18:23.250,20260326,91823250,000009.SZ,324344,2,0,9.1,1000
2026-03-26 09:18:23.850,20260326,91823850,000009.SZ,324565,2,0,8.95,2500
2026-03-26 09:18:27.360,20260326,91827360,000009.SZ,325858,2,0,9.7,500
2026-03-26 09:18:29.760,20260326,91829760,000009.SZ,326748,2,0,8.98,800
2026-03-26 09:18:33.580,20260326,91833580,000009.SZ,328109,2,0,8.95,1100
2026-03-26 09:18:37.370,20260326,91837370,000009.SZ,329469,1,0,8.74,5000
2026-03-26 09:18:37.380,20260326,91837380,000009.SZ,329474,2,0,9.07,800
2026-03-26 09:18:37.480,20260326,91837480,000009.SZ,329519,2,0,9.3,8000
2026-03-26 09:18:38.620,20260326,91838620,000009.SZ,329945,2,0,9.77,300
2026-03-26 09:18:38.860,20260326,91838860,000009.SZ,330003,2,0,9.05,10500
2026-03-26 09:18:40.720,20260326,91840720,000009.SZ,330634,2,0,9.07,1100
2026-03-26 09:18:44.430,20260326,91844430,000009.SZ,332032,2,0,8.95,500
2026-03-26 09:18:44.440,20260326,91844440,000009.SZ,332036,1,0,8.95,1000
2026-03-26 09:18:46.280,20260326,91846280,000009.SZ,332749,2,0,9.77,300
2026-03-26 09:18:48.350,20260326,91848350,000009.SZ,333465,2,0,8.95,1300
2026-03-26 09:18:48.970,20260326,91848970,000009.SZ,333671,2,0,9.08,1000
2026-03-26 09:18:49.190,20260326,91849190,000009.SZ,333745,2,0,9.77,3000
2026-03-26 09:18:51.500,20260326,91851500,000009.SZ,334626,2,0,9.3,700
2026-03-26 09:18:53.090,20260326,91853090,000009.SZ,335196,1,0,8.95,1000
2026-03-26 09:18:56.570,20260326,91856570,000009.SZ,336505,2,0,9.68,1000
2026-03-26 09:18:56.750,20260326,91856750,000009.SZ,336572,2,0,9.77,3000
2026-03-26 09:18:59.990,20260326,91859990,000009.SZ,337747,2,0,9.31,500
2026-03-26 09:19:00.330,20260326,91900330,000009.SZ,337880,2,0,9.5,200
2026-03-26 09:19:00.740,20260326,91900740,000009.SZ,338024,2,0,9.13,1000
2026-03-26 09:19:04.480,20260326,91904480,000009.SZ,339388,2,0,8.99,300
2026-03-26 09:19:05.660,20260326,91905660,000009.SZ,339840,1,0,8.76,2400
2026-03-26 09:19:09.630,20260326,91909630,000009.SZ,341296,1,0,8.7,1200
2026-03-26 09:19:12.220,20260326,91912220,000009.SZ,342264,2,0,9.3,1900
2026-03-26 09:19:12.740,20260326,91912740,000009.SZ,342459,2,0,9.0,100
2026-03-26 09:19:15.610,20260326,91915610,000009.SZ,343555,2,0,9.21,2000
2026-03-26 09:19:17.410,20260326,91917410,000009.SZ,344174,2,0,9.18,1500
2026-03-26 09:19:17.730,20260326,91917730,000009.SZ,344316,1,0,8.95,600
2026-03-26 09:19:21.960,20260326,91921960,000009.SZ,345927,2,0,9.29,500
2026-03-26 09:19:23.610,20260326,91923610,000009.SZ,346576,1,0,8.6,20000
2026-03-26 09:19:25.590,20260326,91925590,000009.SZ,347384,1,0,9.0,7100
2026-03-26 09:19:28.440,20260326,91928440,000009.SZ,348485,2,0,9.05,1000
2026-03-26 09:19:34.800,20260326,91934800,000009.SZ,350884,2,0,9.65,5000
2026-03-26 09:19:35.820,20260326,91935820,000009.SZ,351302,1,0,8.51,5000
2026-03-26 09:19:39.150,20260326,91939150,000009.SZ,352577,2,0,9.77,5000
2026-03-26 09:19:41.770,20260326,91941770,000009.SZ,353577,2,0,8.99,500
2026-03-26 09:19:44.110,20260326,91944110,000009.SZ,354476,2,0,9.0,500
2026-03-26 09:19:45.650,20260326,91945650,000009.SZ,355102,2,0,8.99,2800
2026-03-26 09:19:45.860,20260326,91945860,000009.SZ,355195,2,0,8.94,1000
2026-03-26 09:19:48.660,20260326,91948660,000009.SZ,356244,1,0,8.68,500
2026-03-26 09:19:49.000,20260326,91949000,000009.SZ,356389,2,0,9.01,3000
2026-03-26 09:19:49.530,20260326,91949530,000009.SZ,356606,2,0,9.27,16500
2026-03-26 09:19:50.430,20260326,91950430,000009.SZ,356979,1,0,8.26,300
2026-03-26 09:19:50.680,20260326,91950680,000009.SZ,357081,1,0,8.0,300
2026-03-26 09:19:52.450,20260326,91952450,000009.SZ,357794,2,0,9.45,1000
2026-03-26 09:19:52.870,20260326,91952870,000009.SZ,357971,1,0,8.83,2000
2026-03-26 09:19:53.490,20260326,91953490,000009.SZ,358231,2,0,7.99,400
2026-03-26 09:20:00.290,20260326,92000290,000009.SZ,361131,2,0,8.44,100
2026-03-26 09:20:02.120,20260326,92002120,000009.SZ,362020,2,0,9.22,100
2026-03-26 09:20:02.760,20260326,92002760,000009.SZ,362275,2,0,9.44,800
2026-03-26 09:20:03.450,20260326,92003450,000009.SZ,362632,2,0,9.07,3000
2026-03-26 09:20:03.800,20260326,92003800,000009.SZ,362770,2,0,9.74,1000
2026-03-26 09:20:05.100,20260326,92005100,000009.SZ,363333,2,0,9.77,200
2026-03-26 09:20:05.840,20260326,92005840,000009.SZ,363643,1,0,8.76,900
2026-03-26 09:20:06.460,20260326,92006460,000009.SZ,363944,2,0,9.53,4000
2026-03-26 09:20:09.020,20260326,92009020,000009.SZ,364796,2,0,9.77,1100
2026-03-26 09:20:11.180,20260326,92011180,000009.SZ,365644,2,0,9.03,1000
2026-03-26 09:20:11.400,20260326,92011400,000009.SZ,365732,2,0,9.77,1000
2026-03-26 09:20:12.490,20260326,92012490,000009.SZ,366145,1,0,7.99,4100
2026-03-26 09:20:12.530,20260326,92012530,000009.SZ,366161,1,0,8.66,5100
2026-03-26 09:20:12.540,20260326,92012540,000009.SZ,366164,2,0,9.12,200
2026-03-26 09:20:13.030,20260326,92013030,000009.SZ,366326,2,0,9.77,800
2026-03-26 09:20:14.370,20260326,92014370,000009.SZ,366767,1,0,8.83,100
2026-03-26 09:20:17.030,20260326,92017030,000009.SZ,367696,2,0,8.95,9400
2026-03-26 09:20:22.730,20260326,92022730,000009.SZ,369636,1,0,8.95,100
2026-03-26 09:20:23.150,20260326,92023150,000009.SZ,369776,2,0,8.95,400
2026-03-26 09:20:26.240,20260326,92026240,000009.SZ,370874,1,0,8.5,30000
2026-03-26 09:20:31.200,20260326,92031200,000009.SZ,372692,1,0,8.76,2600
2026-03-26 09:20:32.550,20260326,92032550,000009.SZ,373191,2,0,9.75,300
2026-03-26 09:20:33.530,20260326,92033530,000009.SZ,373500,1,0,8.78,1000
2026-03-26 09:20:37.530,20260326,92037530,000009.SZ,374905,2,0,9.07,900
2026-03-26 09:20:38.380,20260326,92038380,000009.SZ,375206,2,0,9.14,10600
2026-03-26 09:20:39.950,20260326,92039950,000009.SZ,375750,2,0,9.77,8000
2026-03-26 09:20:40.540,20260326,92040540,000009.SZ,375964,1,0,9.77,100
2026-03-26 09:20:43.680,20260326,92043680,000009.SZ,377101,2,0,9.66,24400
2026-03-26 09:20:45.630,20260326,92045630,000009.SZ,377856,2,0,9.12,10000
2026-03-26 09:20:46.740,20260326,92046740,000009.SZ,378278,2,0,9.5,2000
2026-03-26 09:20:47.320,20260326,92047320,000009.SZ,378501,2,0,9.12,400
2026-03-26 09:20:48.690,20260326,92048690,000009.SZ,379016,2,0,9.77,5600
2026-03-26 09:20:50.690,20260326,92050690,000009.SZ,379738,2,0,9.77,6000
2026-03-26 09:20:50.930,20260326,92050930,000009.SZ,379830,2,0,9.76,1200
2026-03-26 09:20:55.730,20260326,92055730,000009.SZ,381636,2,0,9.76,2000
2026-03-26 09:20:58.610,20260326,92058610,000009.SZ,382632,2,0,8.94,10722
2026-03-26 09:20:58.860,20260326,92058860,000009.SZ,382730,2,0,8.99,6400
2026-03-26 09:20:59.050,20260326,92059050,000009.SZ,382807,1,0,8.17,600
2026-03-26 09:20:59.050,20260326,92059050,000009.SZ,382808,2,0,9.03,600
2026-03-26 09:21:01.530,20260326,92101530,000009.SZ,384256,1,0,8.8,16000
2026-03-26 09:21:01.760,20260326,92101760,000009.SZ,384372,2,0,9.13,3000
2026-03-26 09:21:03.960,20260326,92103960,000009.SZ,385346,2,0,9.77,3000
2026-03-26 09:21:05.560,20260326,92105560,000009.SZ,385999,2,0,9.75,1000
2026-03-26 09:21:05.580,20260326,92105580,000009.SZ,386004,2,0,8.95,3000
2026-03-26 09:21:05.950,20260326,92105950,000009.SZ,386147,2,0,8.99,600
2026-03-26 09:21:07.160,20260326,92107160,000009.SZ,386651,2,0,9.09,500
2026-03-26 09:21:07.410,20260326,92107410,000009.SZ,386741,2,0,9.38,1000
2026-03-26 09:21:07.590,20260326,92107590,000009.SZ,386814,2,0,9.76,23600
2026-03-26 09:21:11.270,20260326,92111270,000009.SZ,388336,2,0,8.92,1000
2026-03-26 09:21:12.240,20260326,92112240,000009.SZ,388690,2,0,8.92,4000
2026-03-26 09:21:12.350,20260326,92112350,000009.SZ,388734,2,0,8.94,1300
2026-03-26 09:21:13.590,20260326,92113590,000009.SZ,389193,1,0,8.94,2000
2026-03-26 09:21:14.130,20260326,92114130,000009.SZ,389416,2,0,9.5,1200
2026-03-26 09:21:16.610,20260326,92116610,000009.SZ,390363,2,0,9.2,2000
2026-03-26 09:21:16.630,20260326,92116630,000009.SZ,390369,2,0,9.16,200
2026-03-26 09:21:17.160,20260326,92117160,000009.SZ,390567,2,0,9.58,1000
2026-03-26 09:21:18.210,20260326,92118210,000009.SZ,390932,2,0,9.06,1000
2026-03-26 09:21:20.260,20260326,92120260,000009.SZ,391736,2,0,8.96,300
2026-03-26 09:21:21.510,20260326,92121510,000009.SZ,392231,2,0,8.93,1000
2026-03-26 09:21:23.490,20260326,92123490,000009.SZ,393038,2,0,9.77,2700
2026-03-26 09:21:24.850,20260326,92124850,000009.SZ,393597,2,0,9.77,700
2026-03-26 09:21:26.960,20260326,92126960,000009.SZ,394431,2,0,8.99,3000
2026-03-26 09:21:30.410,20260326,92130410,000009.SZ,395846,2,0,7.99,3000
2026-03-26 09:21:30.530,20260326,92130530,000009.SZ,395909,2,0,9.0,400
2026-03-26 09:21:31.560,20260326,92131560,000009.SZ,396330,2,0,9.06,1000
2026-03-26 09:21:31.730,20260326,92131730,000009.SZ,396399,2,0,9.07,600
2026-03-26 09:21:32.000,20260326,92132000,000009.SZ,396500,1,0,8.76,500
2026-03-26 09:21:32.780,20260326,92132780,000009.SZ,396800,2,0,9.2,200
2026-03-26 09:21:33.430,20260326,92133430,000009.SZ,397088,2,0,9.23,500
2026-03-26 09:21:34.070,20260326,92134070,000009.SZ,397377,2,0,9.5,600
2026-03-26 09:21:34.870,20260326,92134870,000009.SZ,397722,2,0,8.92,3000
2026-03-26 09:21:35.110,20260326,92135110,000009.SZ,397811,2,0,9.76,1000
2026-03-26 09:21:37.130,20260326,92137130,000009.SZ,398614,2,0,9.1,10000
2026-03-26 09:21:38.810,20260326,92138810,000009.SZ,399301,2,0,9.1,1000
2026-03-26 09:21:38.930,20260326,92138930,000009.SZ,399343,1,0,8.97,2600
2026-03-26 09:21:40.070,20260326,92140070,000009.SZ,399850,2,0,8.9,4000
2026-03-26 09:21:43.890,20260326,92143890,000009.SZ,401519,2,0,9.15,1000
2026-03-26 09:21:45.920,20260326,92145920,000009.SZ,402298,2,0,9.0,29400
2026-03-26 09:21:45.970,20260326,92145970,000009.SZ,402316,2,0,8.89,2000
2026-03-26 09:21:47.140,20260326,92147140,000009.SZ,402793,2,0,9.76,1000
2026-03-26 09:21:48.480,20260326,92148480,000009.SZ,403371,2,0,9.3,2000
2026-03-26 09:21:48.530,20260326,92148530,000009.SZ,403397,2,0,9.52,200
2026-03-26 09:21:49.610,20260326,92149610,000009.SZ,403867,2,0,9.28,2000
2026-03-26 09:21:50.130,20260326,92150130,000009.SZ,404083,2,0,9.75,500
2026-03-26 09:21:51.080,20260326,92151080,000009.SZ,404490,2,0,9.75,500
2026-03-26 09:21:52.120,20260326,92152120,000009.SZ,404951,2,0,9.09,100
2026-03-26 09:21:53.450,20260326,92153450,000009.SZ,405480,2,0,9.05,30000
2026-03-26 09:21:55.410,20260326,92155410,000009.SZ,406321,2,0,9.17,600
2026-03-26 09:21:55.630,20260326,92155630,000009.SZ,406407,2,0,9.77,100
2026-03-26 09:21:58.040,20260326,92158040,000009.SZ,407359,1,0,8.76,1100
2026-03-26 09:21:58.420,20260326,92158420,000009.SZ,407538,2,0,8.94,1400
2026-03-26 09:21:59.360,20260326,92159360,000009.SZ,407957,2,0,9.1,30000
2026-03-26 09:22:00.690,20260326,92200690,000009.SZ,408538,2,0,9.06,2000
2026-03-26 09:22:01.540,20260326,92201540,000009.SZ,408895,2,0,9.19,1000
2026-03-26 09:22:03.920,20260326,92203920,000009.SZ,409865,2,0,9.2,19000
2026-03-26 09:22:05.660,20260326,92205660,000009.SZ,410573,2,0,9.15,30000
2026-03-26 09:22:07.190,20260326,92207190,000009.SZ,411254,2,0,9.24,600
2026-03-26 09:22:09.620,20260326,92209620,000009.SZ,412293,2,0,9.08,8200
2026-03-26 09:22:09.910,20260326,92209910,000009.SZ,412432,2,0,9.0,3000
2026-03-26 09:22:10.660,20260326,92210660,000009.SZ,412727,2,0,9.77,3000
2026-03-26 09:22:13.500,20260326,92213500,000009.SZ,413963,2,0,9.2,30000
2026-03-26 09:22:14.540,20260326,92214540,000009.SZ,414411,2,0,9.66,700
2026-03-26 09:22:15.780,20260326,92215780,000009.SZ,414956,2,0,7.99,500
2026-03-26 09:22:16.080,20260326,92216080,000009.SZ,415084,2,0,9.0,1000
2026-03-26 09:22:17.540,20260326,92217540,000009.SZ,415719,1,0,8.47,3000
2026-03-26 09:22:17.550,20260326,92217550,000009.SZ,415729,2,0,9.77,3100
2026-03-26 09:22:18.490,20260326,92218490,000009.SZ,416137,2,0,9.32,2000
2026-03-26 09:22:18.570,20260326,92218570,000009.SZ,416175,2,0,8.98,1000
2026-03-26 09:22:19.210,20260326,92219210,000009.SZ,416442,2,0,8.94,20000
2026-03-26 09:22:19.780,20260326,92219780,000009.SZ,416683,2,0,9.25,30000
2026-03-26 09:22:21.800,20260326,92221800,000009.SZ,417615,2,0,7.99,700
2026-03-26 09:22:21.860,20260326,92221860,000009.SZ,417639,2,0,8.88,1300
2026-03-26 09:22:24.770,20260326,92224770,000009.SZ,418913,2,0,9.28,1000
2026-03-26 09:22:25.230,20260326,92225230,000009.SZ,419123,2,0,9.6,2000
2026-03-26 09:22:25.750,20260326,92225750,000009.SZ,419349,2,0,9.3,30000
2026-03-26 09:22:26.280,20260326,92226280,000009.SZ,419593,2,0,8.9,3000
2026-03-26 09:22:28.490,20260326,92228490,000009.SZ,420532,2,0,8.94,11800
2026-03-26 09:22:28.960,20260326,92228960,000009.SZ,420743,2,0,9.02,800
2026-03-26 09:22:32.000,20260326,92232000,000009.SZ,422117,1,0,8.4,2000
2026-03-26 09:22:32.100,20260326,92232100,000009.SZ,422165,2,0,9.35,30000
2026-03-26 09:22:34.310,20260326,92234310,000009.SZ,423165,1,0,8.94,1000
2026-03-26 09:22:35.180,20260326,92235180,000009.SZ,423531,2,0,9.77,6000
2026-03-26 09:22:38.150,20260326,92238150,000009.SZ,424886,2,0,8.92,1100
2026-03-26 09:22:38.640,20260326,92238640,000009.SZ,425089,2,0,9.4,30000
2026-03-26 09:22:40.210,20260326,92240210,000009.SZ,425844,2,0,9.6,100
2026-03-26 09:22:40.280,20260326,92240280,000009.SZ,425871,2,0,8.89,2000
2026-03-26 09:22:40.650,20260326,92240650,000009.SZ,426057,2,0,9.5,2000
2026-03-26 09:22:42.370,20260326,92242370,000009.SZ,426771,1,0,8.6,600
2026-03-26 09:22:43.640,20260326,92243640,000009.SZ,427399,2,0,9.45,20000
2026-03-26 09:22:44.270,20260326,92244270,000009.SZ,427695,2,0,8.97,1100
2026-03-26 09:22:44.420,20260326,92244420,000009.SZ,427759,1,0,8.38,200
2026-03-26 09:22:45.670,20260326,92245670,000009.SZ,428321,2,0,8.9,4000
2026-03-26 09:22:47.270,20260326,92247270,000009.SZ,429081,2,0,8.92,5000
2026-03-26 09:22:50.370,20260326,92250370,000009.SZ,430580,1,0,8.0,200
2026-03-26 09:22:51.590,20260326,92251590,000009.SZ,431174,2,0,9.19,1200
2026-03-26 09:22:53.610,20260326,92253610,000009.SZ,432094,2,0,9.09,1000
2026-03-26 09:22:54.730,20260326,92254730,000009.SZ,432635,2,0,9.4,800
2026-03-26 09:22:55.540,20260326,92255540,000009.SZ,433003,2,0,9.75,500
2026-03-26 09:22:55.670,20260326,92255670,000009.SZ,433059,2,0,8.97,1500
2026-03-26 09:22:56.340,20260326,92256340,000009.SZ,433381,2,0,8.83,1000
2026-03-26 09:22:56.790,20260326,92256790,000009.SZ,433602,2,0,9.26,5000
2026-03-26 09:22:58.340,20260326,92258340,000009.SZ,434326,2,0,8.96,600
2026-03-26 09:23:00.300,20260326,92300300,000009.SZ,435281,1,0,8.75,1000
2026-03-26 09:23:01.640,20260326,92301640,000009.SZ,435967,2,0,9.08,2000
2026-03-26 09:23:04.010,20260326,92304010,000009.SZ,437114,1,0,8.68,6000
2026-03-26 09:23:04.020,20260326,92304020,000009.SZ,437122,1,0,8.0,1000
2026-03-26 09:23:05.740,20260326,92305740,000009.SZ,437989,2,0,9.77,1100
2026-03-26 09:23:06.300,20260326,92306300,000009.SZ,438274,2,0,9.18,1400
2026-03-26 09:23:07.460,20260326,92307460,000009.SZ,438848,2,0,8.96,200
2026-03-26 09:23:08.320,20260326,92308320,000009.SZ,439276,1,0,8.7,30000
2026-03-26 09:23:09.260,20260326,92309260,000009.SZ,439734,2,0,8.91,10000
2026-03-26 09:23:09.500,20260326,92309500,000009.SZ,439856,1,0,8.92,1000
2026-03-26 09:23:09.550,20260326,92309550,000009.SZ,439871,2,0,9.2,800
2026-03-26 09:23:09.580,20260326,92309580,000009.SZ,439888,2,0,9.1,100
2026-03-26 09:23:10.600,20260326,92310600,000009.SZ,440371,2,0,9.5,3000
2026-03-26 09:23:11.510,20260326,92311510,000009.SZ,440787,2,0,9.18,1000
2026-03-26 09:23:11.920,20260326,92311920,000009.SZ,441007,2,0,9.77,700
2026-03-26 09:23:16.430,20260326,92316430,000009.SZ,443284,1,0,8.92,2700
2026-03-26 09:23:18.590,20260326,92318590,000009.SZ,444385,2,0,8.92,8200
2026-03-26 09:23:20.020,20260326,92320020,000009.SZ,445099,2,0,9.77,3000
2026-03-26 09:23:21.110,20260326,92321110,000009.SZ,445687,1,0,8.56,1500
2026-03-26 09:23:21.450,20260326,92321450,000009.SZ,445841,1,0,8.8,1000
2026-03-26 09:23:21.560,20260326,92321560,000009.SZ,445894,1,0,8.9,800
2026-03-26 09:23:23.170,20260326,92323170,000009.SZ,446671,2,0,9.0,1000
2026-03-26 09:23:26.090,20260326,92326090,000009.SZ,448139,2,0,9.01,1000
2026-03-26 09:23:26.380,20260326,92326380,000009.SZ,448352,2,0,9.1,800
2026-03-26 09:23:27.040,20260326,92327040,000009.SZ,448701,1,0,8.01,500
2026-03-26 09:23:27.180,20260326,92327180,000009.SZ,448772,2,0,7.99,1000
2026-03-26 09:23:27.200,20260326,92327200,000009.SZ,448789,2,0,9.29,300
2026-03-26 09:23:27.410,20260326,92327410,000009.SZ,448941,2,0,8.99,1000
2026-03-26 09:23:28.640,20260326,92328640,000009.SZ,449639,2,0,8.8,900
2026-03-26 09:23:29.760,20260326,92329760,000009.SZ,450204,2,0,9.6,400
2026-03-26 09:23:31.950,20260326,92331950,000009.SZ,451380,2,0,9.05,500
2026-03-26 09:23:32.230,20260326,92332230,000009.SZ,451514,2,0,8.99,100
2026-03-26 09:23:33.640,20260326,92333640,000009.SZ,452278,2,0,8.99,700
2026-03-26 09:23:36.540,20260326,92336540,000009.SZ,453830,1,0,8.81,1000
2026-03-26 09:23:41.010,20260326,92341010,000009.SZ,456283,2,0,8.88,8000
2026-03-26 09:23:44.080,20260326,92344080,000009.SZ,457983,1,0,8.78,18000
2026-03-26 09:23:47.990,20260326,92347990,000009.SZ,460224,1,0,8.75,2000
2026-03-26 09:23:48.440,20260326,92348440,000009.SZ,460473,2,0,9.02,500
2026-03-26 09:23:50.810,20260326,92350810,000009.SZ,461843,2,0,9.57,1000
2026-03-26 09:23:51.890,20260326,92351890,000009.SZ,462494,1,0,8.31,1200
2026-03-26 09:23:52.190,20260326,92352190,000009.SZ,462671,1,0,8.76,700
2026-03-26 09:23:54.310,20260326,92354310,000009.SZ,464007,2,0,9.3,4000
2026-03-26 09:23:55.990,20260326,92355990,000009.SZ,464969,1,0,8.56,4500
2026-03-26 09:23:56.290,20260326,92356290,000009.SZ,465130,2,0,9.11,6700
2026-03-26 09:23:57.660,20260326,92357660,000009.SZ,465950,2,0,9.28,1500
2026-03-26 09:23:58.130,20260326,92358130,000009.SZ,466202,2,0,8.88,500
2026-03-26 09:23:58.800,20260326,92358800,000009.SZ,466586,2,0,9.03,1000
2026-03-26 09:24:00.200,20260326,92400200,000009.SZ,467581,2,0,8.44,100
2026-03-26 09:24:02.090,20260326,92402090,000009.SZ,468818,1,0,8.74,2000
2026-03-26 09:24:02.590,20260326,92402590,000009.SZ,469162,2,0,8.89,500
2026-03-26 09:24:04.250,20260326,92404250,000009.SZ,470268,2,0,8.9,200
2026-03-26 09:24:06.270,20260326,92406270,000009.SZ,471642,2,0,8.89,1000
2026-03-26 09:24:09.190,20260326,92409190,000009.SZ,473531,2,0,9.1,1000
2026-03-26 09:24:09.230,20260326,92409230,000009.SZ,473557,2,0,9.7,7100
2026-03-26 09:24:09.440,20260326,92409440,000009.SZ,473721,1,0,8.7,5000
2026-03-26 09:24:09.660,20260326,92409660,000009.SZ,473879,2,0,9.14,33100
2026-03-26 09:24:09.690,20260326,92409690,000009.SZ,473897,2,0,9.26,300
2026-03-26 09:24:11.820,20260326,92411820,000009.SZ,475420,2,0,9.37,3300
2026-03-26 09:24:13.470,20260326,92413470,000009.SZ,476678,2,0,8.88,1100
2026-03-26 09:24:14.330,20260326,92414330,000009.SZ,477254,2,0,8.9,6000
2026-03-26 09:24:17.480,20260326,92417480,000009.SZ,479493,2,0,8.9,1200
2026-03-26 09:24:17.950,20260326,92417950,000009.SZ,479864,2,0,8.9,10000
2026-03-26 09:24:18.870,20260326,92418870,000009.SZ,480553,1,0,8.94,1400
2026-03-26 09:24:19.010,20260326,92419010,000009.SZ,480673,2,0,9.11,100
2026-03-26 09:24:25.210,20260326,92425210,000009.SZ,485656,2,0,8.88,800
2026-03-26 09:24:25.650,20260326,92425650,000009.SZ,486027,2,0,9.75,20000
2026-03-26 09:24:26.230,20260326,92426230,000009.SZ,486455,2,0,8.89,1600
2026-03-26 09:24:27.100,20260326,92427100,000009.SZ,487155,2,0,7.99,2500
2026-03-26 09:24:28.740,20260326,92428740,000009.SZ,488458,2,0,9.07,2500
2026-03-26 09:24:30.100,20260326,92430100,000009.SZ,489606,2,0,8.88,17800
2026-03-26 09:24:30.420,20260326,92430420,000009.SZ,489924,2,0,8.94,2000
2026-03-26 09:24:30.940,20260326,92430940,000009.SZ,490382,2,0,7.99,1000
2026-03-26 09:24:31.370,20260326,92431370,000009.SZ,490763,2,0,8.99,400
2026-03-26 09:24:33.170,20260326,92433170,000009.SZ,492264,2,0,7.99,300
2026-03-26 09:24:33.350,20260326,92433350,000009.SZ,492418,1,0,8.61,500
2026-03-26 09:24:33.710,20260326,92433710,000009.SZ,492734,1,0,9.05,400
2026-03-26 09:24:34.150,20260326,92434150,000009.SZ,493120,2,0,8.88,2000
2026-03-26 09:24:35.540,20260326,92435540,000009.SZ,494291,2,0,9.77,1000
2026-03-26 09:24:36.430,20260326,92436430,000009.SZ,495091,2,0,8.87,10000
2026-03-26 09:24:38.040,20260326,92438040,000009.SZ,496554,2,0,9.2,200
2026-03-26 09:24:39.040,20260326,92439040,000009.SZ,497506,1,0,8.91,100
2026-03-26 09:24:39.040,20260326,92439040,000009.SZ,497508,1,0,8.91,100
2026-03-26 09:24:39.040,20260326,92439040,000009.SZ,497509,1,0,8.91,300
2026-03-26 09:24:39.040,20260326,92439040,000009.SZ,497510,1,0,8.91,200
2026-03-26 09:24:39.040,20260326,92439040,000009.SZ,497511,1,0,8.91,300
2026-03-26 09:24:39.050,20260326,92439050,000009.SZ,497517,1,0,8.91,100
2026-03-26 09:24:39.060,20260326,92439060,000009.SZ,497528,1,0,8.91,100
2026-03-26 09:24:39.060,20260326,92439060,000009.SZ,497529,1,0,8.91,900
2026-03-26 09:24:39.060,20260326,92439060,000009.SZ,497530,1,0,8.91,200
2026-03-26 09:24:39.060,20260326,92439060,000009.SZ,497531,1,0,8.91,100
2026-03-26 09:24:39.060,20260326,92439060,000009.SZ,497534,1,0,8.91,100
2026-03-26 09:24:39.060,20260326,92439060,000009.SZ,497535,1,0,8.91,100
2026-03-26 09:24:39.060,20260326,92439060,000009.SZ,497542,1,0,8.91,100
2026-03-26 09:24:39.070,20260326,92439070,000009.SZ,497544,1,0,8.91,200
2026-03-26 09:24:39.740,20260326,92439740,000009.SZ,498280,2,0,9.04,2000
2026-03-26 09:24:40.560,20260326,92440560,000009.SZ,499037,2,0,8.96,1000
2026-03-26 09:24:40.600,20260326,92440600,000009.SZ,499074,2,0,9.77,2000
2026-03-26 09:24:42.860,20260326,92442860,000009.SZ,501068,2,0,8.8,4000
2026-03-26 09:24:46.550,20260326,92446550,000009.SZ,504509,1,0,8.97,37100
2026-03-26 09:24:47.480,20260326,92447480,000009.SZ,505405,1,0,8.87,100
2026-03-26 09:24:47.740,20260326,92447740,000009.SZ,505659,2,0,8.96,3000
2026-03-26 09:24:49.740,20260326,92449740,000009.SZ,508249,2,0,9.05,800
2026-03-26 09:24:49.910,20260326,92449910,000009.SZ,508478,2,0,9.28,1000
2026-03-26 09:24:50.620,20260326,92450620,000009.SZ,509699,2,0,8.77,300
2026-03-26 09:24:50.770,20260326,92450770,000009.SZ,509924,2,0,9.66,1100
2026-03-26 09:24:51.210,20260326,92451210,000009.SZ,510534,2,0,8.72,300
2026-03-26 09:24:51.540,20260326,92451540,000009.SZ,510924,2,0,8.88,4800
2026-03-26 09:24:52.220,20260326,92452220,000009.SZ,511779,1,0,8.78,6500
2026-03-26 09:24:53.880,20260326,92453880,000009.SZ,513949,2,0,8.89,40000
2026-03-26 09:24:54.270,20260326,92454270,000009.SZ,514560,2,0,8.9,9200
2026-03-26 09:24:54.900,20260326,92454900,000009.SZ,515548,2,0,8.87,4900
2026-03-26 09:24:55.000,20260326,92455000,000009.SZ,515738,2,0,8.81,300
2026-03-26 09:24:55.100,20260326,92455100,000009.SZ,516017,2,0,7.99,1000
2026-03-26 09:24:55.500,20260326,92455500,000009.SZ,516829,2,0,8.88,400
2026-03-26 09:24:55.530,20260326,92455530,000009.SZ,516867,2,0,8.81,300
2026-03-26 09:24:55.530,20260326,92455530,000009.SZ,516881,2,0,9.08,500
2026-03-26 09:24:55.610,20260326,92455610,000009.SZ,517062,2,0,8.81,100
2026-03-26 09:24:56.230,20260326,92456230,000009.SZ,518662,2,0,8.81,100
2026-03-26 09:24:56.330,20260326,92456330,000009.SZ,518951,2,0,8.81,300
2026-03-26 09:24:56.380,20260326,92456380,000009.SZ,519055,2,0,8.9,900
2026-03-26 09:24:56.710,20260326,92456710,000009.SZ,519926,2,0,8.8,10300
2026-03-26 09:24:56.710,20260326,92456710,000009.SZ,519929,2,0,8.8,5600
2026-03-26 09:24:57.620,20260326,92457620,000009.SZ,522435,1,0,8.01,100
2026-03-26 09:24:57.760,20260326,92457760,000009.SZ,522823,2,0,8.8,15200
2026-03-26 09:24:57.760,20260326,92457760,000009.SZ,522824,2,0,8.8,5600
2026-03-26 09:24:58.010,20260326,92458010,000009.SZ,523431,2,0,8.87,3000
2026-03-26 09:24:58.390,20260326,92458390,000009.SZ,524808,1,0,8.73,200
2026-03-26 09:24:58.560,20260326,92458560,000009.SZ,525744,2,0,8.86,5000
2026-03-26 09:24:58.600,20260326,92458600,000009.SZ,525869,2,0,8.87,5200
2026-03-26 09:24:58.900,20260326,92458900,000009.SZ,526993,2,0,8.87,28900
2026-03-26 09:24:59.170,20260326,92459170,000009.SZ,528113,2,0,8.89,400
2026-03-26 09:24:59.390,20260326,92459390,000009.SZ,529088,2,0,8.85,17400
2026-03-26 09:24:59.520,20260326,92459520,000009.SZ,529805,2,0,8.74,2600
2026-03-26 09:30:00.020,20260326,93000020,000009.SZ,627178,2,0,9.66,100
2026-03-26 09:30:00.020,20260326,93000020,000009.SZ,627193,2,0,9.69,1000
2026-03-26 09:30:00.030,20260326,93000030,000009.SZ,628281,2,0,8.85,1900
2026-03-26 09:30:00.030,20260326,93000030,000009.SZ,630161,2,0,9.77,8400
2026-03-26 09:30:00.050,20260326,93000050,000009.SZ,638881,2,0,8.91,300
2026-03-26 09:30:00.050,20260326,93000050,000009.SZ,640089,1,0,8.87,2000
2026-03-26 09:30:00.050,20260326,93000050,000009.SZ,641888,2,0,8.97,2000
2026-03-26 09:30:00.060,20260326,93000060,000009.SZ,645270,1,0,8.85,1000
2026-03-26 09:30:00.060,20260326,93000060,000009.SZ,646331,1,0,8.97,51100
2026-03-26 09:30:00.060,20260326,93000060,000009.SZ,646996,2,0,8.89,44000
2026-03-26 09:30:00.060,20260326,93000060,000009.SZ,647677,1,0,8.8,1000
2026-03-26 09:30:00.070,20260326,93000070,000009.SZ,653128,1,0,8.8,1100
2026-03-26 09:30:00.070,20260326,93000070,000009.SZ,654152,2,0,8.94,1000
2026-03-26 09:30:00.080,20260326,93000080,000009.SZ,655690,1,0,8.61,100
2026-03-26 09:30:00.080,20260326,93000080,000009.SZ,658913,2,0,8.85,200
2026-03-26 09:30:00.090,20260326,93000090,000009.SZ,660242,2,0,9.4,500
2026-03-26 09:30:00.090,20260326,93000090,000009.SZ,660452,2,0,9.3,8800
2026-03-26 09:30:00.090,20260326,93000090,000009.SZ,660540,2,0,8.9,10000
2026-03-26 09:30:00.090,20260326,93000090,000009.SZ,660863,2,0,8.95,25700
2026-03-26 09:30:00.090,20260326,93000090,000009.SZ,660985,2,0,8.9,9200
2026-03-26 09:30:00.090,20260326,93000090,000009.SZ,662386,2,0,9.77,10000
2026-03-26 09:30:00.100,20260326,93000100,000009.SZ,667609,1,0,8.68,2000
2026-03-26 09:30:00.100,20260326,93000100,000009.SZ,667632,1,0,8.77,100
2026-03-26 09:30:00.100,20260326,93000100,000009.SZ,668796,2,0,9.06,500
2026-03-26 09:30:00.100,20260326,93000100,000009.SZ,670285,1,0,8.8,1000
2026-03-26 09:30:00.110,20260326,93000110,000009.SZ,671333,1,0,8.52,200
2026-03-26 09:30:00.110,20260326,93000110,000009.SZ,672054,2,0,8.98,5000
2026-03-26 09:30:00.110,20260326,93000110,000009.SZ,672539,2,0,8.86,600
2026-03-26 09:30:00.110,20260326,93000110,000009.SZ,673747,1,0,7.99,100
2026-03-26 09:30:00.110,20260326,93000110,000009.SZ,675038,2,0,9.77,500
2026-03-26 09:30:00.110,20260326,93000110,000009.SZ,675967,1,0,8.79,500
2026-03-26 09:30:00.110,20260326,93000110,000009.SZ,676018,1,0,8.85,2000
2026-03-26 09:30:00.130,20260326,93000130,000009.SZ,683703,1,0,8.68,1200
2026-03-26 09:30:00.130,20260326,93000130,000009.SZ,684331,2,0,9.5,100
2026-03-26 09:30:00.130,20260326,93000130,000009.SZ,684895,2,0,9.55,3000
2026-03-26 09:30:00.130,20260326,93000130,000009.SZ,686746,1,0,8.0,12000
2026-03-26 09:30:00.130,20260326,93000130,000009.SZ,686979,2,0,8.85,1000
2026-03-26 09:30:00.130,20260326,93000130,000009.SZ,688672,2,0,9.56,500
2026-03-26 09:30:00.140,20260326,93000140,000009.SZ,690337,2,0,8.85,1500
2026-03-26 09:30:00.140,20260326,93000140,000009.SZ,691302,2,0,8.88,1000
2026-03-26 09:30:00.140,20260326,93000140,000009.SZ,691928,2,0,9.05,1000
2026-03-26 09:30:00.140,20260326,93000140,000009.SZ,692664,1,0,8.61,1900
2026-03-26 09:30:00.140,20260326,93000140,000009.SZ,693984,2,0,8.85,13500
2026-03-26 09:30:00.150,20260326,93000150,000009.SZ,695804,1,0,8.78,100
2026-03-26 09:30:00.150,20260326,93000150,000009.SZ,696274,2,0,8.9,900
2026-03-26 09:30:00.150,20260326,93000150,000009.SZ,697541,1,0,8.81,7000
2026-03-26 09:30:00.150,20260326,93000150,000009.SZ,697752,2,0,9.77,9500
2026-03-26 09:30:00.160,20260326,93000160,000009.SZ,701230,1,0,8.76,1000
2026-03-26 09:30:00.160,20260326,93000160,000009.SZ,702268,2,0,8.83,9300
2026-03-26 09:30:00.160,20260326,93000160,000009.SZ,706052,1,0,8.87,500
2026-03-26 09:30:00.160,20260326,93000160,000009.SZ,706207,2,0,8.88,500
2026-03-26 09:30:00.170,20260326,93000170,000009.SZ,706567,2,0,8.85,200
2026-03-26 09:30:00.170,20260326,93000170,000009.SZ,707972,2,0,9.77,100
2026-03-26 09:30:00.170,20260326,93000170,000009.SZ,708840,2,0,8.91,3000
2026-03-26 09:30:00.170,20260326,93000170,000009.SZ,709578,1,0,8.81,2000
2026-03-26 09:30:00.170,20260326,93000170,000009.SZ,710417,2,0,8.86,3200
2026-03-26 09:30:00.180,20260326,93000180,000009.SZ,712202,2,0,9.3,200
2026-03-26 09:30:00.180,20260326,93000180,000009.SZ,712210,2,0,9.77,2000
2026-03-26 09:30:00.180,20260326,93000180,000009.SZ,713880,2,0,8.83,3000
2026-03-26 09:30:00.180,20260326,93000180,000009.SZ,714098,2,0,8.99,300
2026-03-26 09:30:00.190,20260326,93000190,000009.SZ,716105,2,0,9.77,200
2026-03-26 09:30:00.190,20260326,93000190,000009.SZ,716807,2,0,9.77,700
2026-03-26 09:30:00.190,20260326,93000190,000009.SZ,716920,2,0,9.17,500
2026-03-26 09:30:00.190,20260326,93000190,000009.SZ,717158,1,0,8.65,900
2026-03-26 09:30:00.190,20260326,93000190,000009.SZ,717514,2,0,8.85,1000
2026-03-26 09:30:00.200,20260326,93000200,000009.SZ,720342,2,0,8.86,1200
2026-03-26 09:30:00.200,20260326,93000200,000009.SZ,721367,2,0,9.05,1000
2026-03-26 09:30:00.200,20260326,93000200,000009.SZ,721533,1,0,8.8,10000
2026-03-26 09:30:00.210,20260326,93000210,000009.SZ,725831,2,0,8.85,2000
2026-03-26 09:30:00.210,20260326,93000210,000009.SZ,726300,1,0,8.52,600
2026-03-26 09:30:00.210,20260326,93000210,000009.SZ,726988,1,0,8.74,1000
2026-03-26 09:30:00.210,20260326,93000210,000009.SZ,727000,1,0,8.71,1000
2026-03-26 09:30:00.220,20260326,93000220,000009.SZ,727473,2,0,9.77,24400
2026-03-26 09:30:00.220,20260326,93000220,000009.SZ,728033,2,0,9.07,200
2026-03-26 09:30:00.220,20260326,93000220,000009.SZ,729154,1,0,8.79,400
2026-03-26 09:30:00.220,20260326,93000220,000009.SZ,730843,2,0,9.0,6000
2026-03-26 09:30:00.230,20260326,93000230,000009.SZ,733894,1,0,8.42,1500
2026-03-26 09:30:00.230,20260326,93000230,000009.SZ,734069,2,0,9.07,1000
2026-03-26 09:30:00.230,20260326,93000230,000009.SZ,734808,2,0,8.86,300
2026-03-26 09:30:00.240,20260326,93000240,000009.SZ,735049,2,0,8.85,300
2026-03-26 09:30:00.240,20260326,93000240,000009.SZ,736002,2,0,9.28,1100
2026-03-26 09:30:00.240,20260326,93000240,000009.SZ,736669,2,0,8.68,500
2026-03-26 09:30:00.240,20260326,93000240,000009.SZ,737597,2,0,8.95,300
2026-03-26 09:30:00.240,20260326,93000240,000009.SZ,737939,2,0,9.77,10000
2026-03-26 09:30:00.240,20260326,93000240,000009.SZ,737943,1,0,8.81,800
2026-03-26 09:30:00.250,20260326,93000250,000009.SZ,738582,2,0,9.15,300
2026-03-26 09:30:00.250,20260326,93000250,000009.SZ,739452,2,0,9.59,500
2026-03-26 09:30:00.250,20260326,93000250,000009.SZ,740426,2,0,9.2,1900
2026-03-26 09:30:00.250,20260326,93000250,000009.SZ,740666,2,0,8.86,600
2026-03-26 09:30:00.250,20260326,93000250,000009.SZ,740981,1,0,8.45,4000
2026-03-26 09:30:00.250,20260326,93000250,000009.SZ,741129,2,0,8.97,700
2026-03-26 09:30:00.260,20260326,93000260,000009.SZ,743065,2,0,8.86,300
2026-03-26 09:30:00.260,20260326,93000260,000009.SZ,744105,1,0,8.76,2700
2026-03-26 09:30:00.260,20260326,93000260,000009.SZ,744831,2,0,8.85,300
2026-03-26 09:30:00.260,20260326,93000260,000009.SZ,744996,1,0,8.75,2700
2026-03-26 09:30:00.260,20260326,93000260,000009.SZ,746411,1,0,8.72,1000
2026-03-26 09:30:00.280,20260326,93000280,000009.SZ,750190,1,0,8.51,200
2026-03-26 09:30:00.280,20260326,93000280,000009.SZ,750744,2,0,8.92,600
2026-03-26 09:30:00.280,20260326,93000280,000009.SZ,751808,2,0,9.75,10000
2026-03-26 09:30:00.280,20260326,93000280,000009.SZ,752455,1,0,8.6,100
2026-03-26 09:30:00.290,20260326,93000290,000009.SZ,754087,1,0,8.79,1700
2026-03-26 09:30:00.290,20260326,93000290,000009.SZ,754148,1,0,8.77,1000
2026-03-26 09:30:00.290,20260326,93000290,000009.SZ,754254,2,0,9.5,8200
2026-03-26 09:30:00.300,20260326,93000300,000009.SZ,757085,1,0,8.74,2700
2026-03-26 09:30:00.300,20260326,93000300,000009.SZ,757977,2,0,8.95,2000
2026-03-26 09:30:00.310,20260326,93000310,000009.SZ,759411,2,0,8.92,1000
2026-03-26 09:30:00.320,20260326,93000320,000009.SZ,761534,2,0,8.85,6800
2026-03-26 09:30:00.320,20260326,93000320,000009.SZ,762257,2,0,9.77,1600
2026-03-26 09:30:00.320,20260326,93000320,000009.SZ,762404,2,0,8.85,1100
2026-03-26 09:30:00.320,20260326,93000320,000009.SZ,763003,1,0,8.6,100
2026-03-26 09:30:00.320,20260326,93000320,000009.SZ,763069,1,0,8.73,10000
2026-03-26 09:30:00.320,20260326,93000320,000009.SZ,763523,1,0,8.8,800
2026-03-26 09:30:00.330,20260326,93000330,000009.SZ,764671,2,0,9.1,11100
2026-03-26 09:30:00.340,20260326,93000340,000009.SZ,766159,2,0,8.67,28600
2026-03-26 09:30:00.340,20260326,93000340,000009.SZ,766414,2,0,9.18,1000
2026-03-26 09:30:00.340,20260326,93000340,000009.SZ,767928,2,0,9.06,500
2026-03-26 09:30:00.350,20260326,93000350,000009.SZ,769092,1,0,7.99,100
2026-03-26 09:30:00.350,20260326,93000350,000009.SZ,769094,1,0,7.99,100
2026-03-26 09:30:00.350,20260326,93000350,000009.SZ,769157,1,0,7.99,100
2026-03-26 09:30:00.350,20260326,93000350,000009.SZ,769190,1,0,7.99,100
2026-03-26 09:30:00.360,20260326,93000360,000009.SZ,770970,1,0,8.68,1000
2026-03-26 09:30:00.360,20260326,93000360,000009.SZ,771409,2,0,9.28,300
2026-03-26 09:30:00.370,20260326,93000370,000009.SZ,775022,2,0,9.29,4300
2026-03-26 09:30:00.380,20260326,93000380,000009.SZ,776338,2,0,8.99,1000
2026-03-26 09:30:00.390,20260326,93000390,000009.SZ,778041,2,0,9.77,3000
2026-03-26 09:30:00.390,20260326,93000390,000009.SZ,778134,2,0,9.07,400
2026-03-26 09:30:00.390,20260326,93000390,000009.SZ,778594,2,0,9.09,400
2026-03-26 09:30:00.400,20260326,93000400,000009.SZ,778837,2,0,8.85,1500
2026-03-26 09:30:00.400,20260326,93000400,000009.SZ,779767,2,0,9.75,1000
2026-03-26 09:30:00.400,20260326,93000400,000009.SZ,780134,2,0,8.85,2500
2026-03-26 09:30:00.410,20260326,93000410,000009.SZ,781877,2,0,9.5,200
2026-03-26 09:30:00.410,20260326,93000410,000009.SZ,782017,1,0,8.87,100
2026-03-26 09:30:00.420,20260326,93000420,000009.SZ,783278,2,0,8.98,10000
2026-03-26 09:30:00.420,20260326,93000420,000009.SZ,784148,2,0,9.3,5000
2026-03-26 09:30:00.430,20260326,93000430,000009.SZ,786475,1,0,8.56,1000
2026-03-26 09:30:00.440,20260326,93000440,000009.SZ,788602,2,0,9.71,1800
2026-03-26 09:30:00.440,20260326,93000440,000009.SZ,788638,2,0,8.85,400
2026-03-26 09:30:00.440,20260326,93000440,000009.SZ,789599,2,0,8.84,100
2026-03-26 09:30:00.450,20260326,93000450,000009.SZ,790080,2,0,8.95,1000
2026-03-26 09:30:00.450,20260326,93000450,000009.SZ,790543,1,0,8.85,600
2026-03-26 09:30:00.460,20260326,93000460,000009.SZ,793441,2,0,8.78,100
2026-03-26 09:30:00.480,20260326,93000480,000009.SZ,795843,1,0,8.37,13800
2026-03-26 09:30:00.480,20260326,93000480,000009.SZ,797117,2,0,8.84,300
2026-03-26 09:30:00.490,20260326,93000490,000009.SZ,797382,2,0,9.68,4000
2026-03-26 09:30:00.490,20260326,93000490,000009.SZ,797873,1,0,8.81,3100
2026-03-26 09:30:00.500,20260326,93000500,000009.SZ,799313,2,0,8.92,2000
2026-03-26 09:30:00.500,20260326,93000500,000009.SZ,800754,2,0,8.9,2000
2026-03-26 09:30:00.520,20260326,93000520,000009.SZ,802683,2,0,8.88,800
2026-03-26 09:30:00.520,20260326,93000520,000009.SZ,803082,1,0,8.7,200
2026-03-26 09:30:00.520,20260326,93000520,000009.SZ,803168,2,0,9.15,10000
2026-03-26 09:30:00.520,20260326,93000520,000009.SZ,803741,2,0,8.94,200
2026-03-26 09:30:00.540,20260326,93000540,000009.SZ,806002,1,0,8.87,2000
2026-03-26 09:30:00.540,20260326,93000540,000009.SZ,807011,2,0,9.77,1000
2026-03-26 09:30:00.550,20260326,93000550,000009.SZ,807521,2,0,8.86,200
2026-03-26 09:30:00.550,20260326,93000550,000009.SZ,808743,2,0,9.77,5000
2026-03-26 09:30:00.580,20260326,93000580,000009.SZ,812597,2,0,8.84,600
2026-03-26 09:30:00.590,20260326,93000590,000009.SZ,813704,2,0,9.3,300
2026-03-26 09:30:00.590,20260326,93000590,000009.SZ,813756,2,0,9.77,800
2026-03-26 09:30:00.600,20260326,93000600,000009.SZ,815117,2,0,8.9,7000
2026-03-26 09:30:00.600,20260326,93000600,000009.SZ,815264,2,0,8.98,1000
2026-03-26 09:30:00.610,20260326,93000610,000009.SZ,817307,1,0,8.51,500
2026-03-26 09:30:00.620,20260326,93000620,000009.SZ,818561,2,0,8.98,1000
2026-03-26 09:30:00.630,20260326,93000630,000009.SZ,820329,2,0,8.98,1000
2026-03-26 09:30:00.640,20260326,93000640,000009.SZ,821324,2,0,8.95,1000
2026-03-26 09:30:00.640,20260326,93000640,000009.SZ,821810,2,0,8.85,5000
2026-03-26 09:30:00.660,20260326,93000660,000009.SZ,825102,1,0,8.8,100
2026-03-26 09:30:00.670,20260326,93000670,000009.SZ,826638,1,0,8.47,5000
2026-03-26 09:30:00.670,20260326,93000670,000009.SZ,826705,2,0,9.18,2000
2026-03-26 09:30:00.670,20260326,93000670,000009.SZ,827781,2,0,8.85,10000
2026-03-26 09:30:00.680,20260326,93000680,000009.SZ,829132,2,0,8.85,1400
2026-03-26 09:30:00.690,20260326,93000690,000009.SZ,829715,1,0,8.64,2000
2026-03-26 09:30:00.690,20260326,93000690,000009.SZ,830889,2,0,8.85,600
2026-03-26 09:30:00.720,20260326,93000720,000009.SZ,834818,1,0,8.29,2500
2026-03-26 09:30:00.720,20260326,93000720,000009.SZ,835383,2,0,8.99,300
2026-03-26 09:30:00.730,20260326,93000730,000009.SZ,836208,2,0,8.9,4000
2026-03-26 09:30:00.730,20260326,93000730,000009.SZ,836490,1,0,8.82,700
2026-03-26 09:30:00.730,20260326,93000730,000009.SZ,836693,2,0,8.89,6100
2026-03-26 09:30:00.730,20260326,93000730,000009.SZ,836722,2,0,9.0,1000
2026-03-26 09:30:00.730,20260326,93000730,000009.SZ,837186,1,0,8.68,6000
2026-03-26 09:30:00.750,20260326,93000750,000009.SZ,840359,1,0,8.7,5000
2026-03-26 09:30:00.760,20260326,93000760,000009.SZ,841352,2,0,9.67,3300
2026-03-26 09:30:00.760,20260326,93000760,000009.SZ,842291,1,0,8.75,1500
2026-03-26 09:30:00.780,20260326,93000780,000009.SZ,844496,1,0,8.85,200
2026-03-26 09:30:00.780,20260326,93000780,000009.SZ,845160,2,0,8.7,2400
2026-03-26 09:30:00.800,20260326,93000800,000009.SZ,846377,2,0,9.54,10000
2026-03-26 09:30:00.810,20260326,93000810,000009.SZ,847632,2,0,9.2,100
2026-03-26 09:30:00.810,20260326,93000810,000009.SZ,848206,2,0,9.1,200
2026-03-26 09:30:00.820,20260326,93000820,000009.SZ,849054,2,0,9.07,100
2026-03-26 09:30:00.840,20260326,93000840,000009.SZ,851029,1,0,8.74,1000
2026-03-26 09:30:00.840,20260326,93000840,000009.SZ,851038,1,0,8.7,1000
2026-03-26 09:30:00.840,20260326,93000840,000009.SZ,851052,1,0,8.73,2000
2026-03-26 09:30:00.850,20260326,93000850,000009.SZ,853230,2,0,9.76,500
2026-03-26 09:30:00.870,20260326,93000870,000009.SZ,856445,2,0,9.2,500
2026-03-26 09:30:00.890,20260326,93000890,000009.SZ,858076,2,0,9.2,200
2026-03-26 09:30:00.890,20260326,93000890,000009.SZ,858398,2,0,9.1,600
2026-03-26 09:30:00.900,20260326,93000900,000009.SZ,859895,2,0,9.09,5000
2026-03-26 09:30:00.910,20260326,93000910,000009.SZ,860178,2,0,8.86,1800
2026-03-26 09:30:00.920,20260326,93000920,000009.SZ,862111,2,0,8.87,6100
2026-03-26 09:30:00.960,20260326,93000960,000009.SZ,866128,2,0,8.89,13000
2026-03-26 09:30:00.960,20260326,93000960,000009.SZ,866351,1,0,8.62,1100
2026-03-26 09:30:00.970,20260326,93000970,000009.SZ,867547,2,0,8.82,600
2026-03-26 09:30:00.980,20260326,93000980,000009.SZ,869657,1,0,8.7,1100
2026-03-26 09:30:00.990,20260326,93000990,000009.SZ,871147,1,0,8.3,500
2026-03-26 09:30:00.990,20260326,93000990,000009.SZ,872072,2,0,8.85,2300
2026-03-26 09:30:01.000,20260326,93001000,000009.SZ,873604,2,0,8.88,13000
2026-03-26 09:30:01.020,20260326,93001020,000009.SZ,875742,2,0,8.88,32900
2026-03-26 09:30:01.030,20260326,93001030,000009.SZ,877354,2,0,8.95,300
2026-03-26 09:30:01.050,20260326,93001050,000009.SZ,879788,1,0,8.85,300
2026-03-26 09:30:01.070,20260326,93001070,000009.SZ,882175,2,0,8.94,400
2026-03-26 09:30:01.080,20260326,93001080,000009.SZ,882611,2,0,9.13,2000
2026-03-26 09:30:01.080,20260326,93001080,000009.SZ,883201,2,0,8.98,2000
2026-03-26 09:30:01.090,20260326,93001090,000009.SZ,884580,1,0,8.78,500
2026-03-26 09:30:01.110,20260326,93001110,000009.SZ,887292,1,0,8.2,1000
2026-03-26 09:30:01.120,20260326,93001120,000009.SZ,888081,1,0,8.73,6400
2026-03-26 09:30:01.120,20260326,93001120,000009.SZ,888910,2,0,8.86,9400
2026-03-26 09:30:01.130,20260326,93001130,000009.SZ,889023,1,0,8.68,500
2026-03-26 09:30:01.130,20260326,93001130,000009.SZ,889572,2,0,9.77,5000
2026-03-26 09:30:01.160,20260326,93001160,000009.SZ,894574,2,0,9.77,100000
2026-03-26 09:30:01.170,20260326,93001170,000009.SZ,894817,2,0,8.95,5000
2026-03-26 09:30:01.210,20260326,93001210,000009.SZ,899593,2,0,8.96,500
2026-03-26 09:30:01.240,20260326,93001240,000009.SZ,901953,1,0,8.87,100
2026-03-26 09:30:01.250,20260326,93001250,000009.SZ,903377,1,0,8.8,1000
2026-03-26 09:30:01.270,20260326,93001270,000009.SZ,905462,2,0,9.0,1000
2026-03-26 09:30:01.290,20260326,93001290,000009.SZ,907837,2,0,8.85,100
2026-03-26 09:30:01.300,20260326,93001300,000009.SZ,908367,1,0,8.82,1000
2026-03-26 09:30:01.340,20260326,93001340,000009.SZ,911495,1,0,8.6,1000
2026-03-26 09:30:01.390,20260326,93001390,000009.SZ,915825,2,0,8.86,900
2026-03-26 09:30:01.430,20260326,93001430,000009.SZ,919752,1,0,8.85,500
2026-03-26 09:30:01.440,20260326,93001440,000009.SZ,920009,1,0,8.38,500
2026-03-26 09:30:01.440,20260326,93001440,000009.SZ,920853,2,0,8.86,4700
2026-03-26 09:30:01.450,20260326,93001450,000009.SZ,921715,2,0,9.3,700
2026-03-26 09:30:01.460,20260326,93001460,000009.SZ,922284,1,0,7.99,1000
2026-03-26 09:30:01.470,20260326,93001470,000009.SZ,923526,2,0,9.7,500
2026-03-26 09:30:01.490,20260326,93001490,000009.SZ,924827,2,0,8.98,500
2026-03-26 09:30:01.520,20260326,93001520,000009.SZ,927583,2,0,8.87,3000
2026-03-26 09:30:01.530,20260326,93001530,000009.SZ,928466,1,0,8.8,20000
2026-03-26 09:30:01.560,20260326,93001560,000009.SZ,930516,2,0,9.18,1700
2026-03-26 09:30:01.570,20260326,93001570,000009.SZ,930943,2,0,8.84,300
2026-03-26 09:30:01.610,20260326,93001610,000009.SZ,933872,2,0,8.84,600
2026-03-26 09:30:01.620,20260326,93001620,000009.SZ,934641,2,0,8.84,600
2026-03-26 09:30:01.630,20260326,93001630,000009.SZ,935554,2,0,8.84,300
2026-03-26 09:30:01.650,20260326,93001650,000009.SZ,937510,1,0,8.74,100
2026-03-26 09:30:01.660,20260326,93001660,000009.SZ,938652,2,0,8.84,300
2026-03-26 09:30:01.660,20260326,93001660,000009.SZ,938720,1,0,8.83,6000
2026-03-26 09:30:01.660,20260326,93001660,000009.SZ,938723,1,0,8.82,6000
2026-03-26 09:30:01.670,20260326,93001670,000009.SZ,940018,1,0,8.8,700
2026-03-26 09:30:01.680,20260326,93001680,000009.SZ,940157,1,0,8.65,200
2026-03-26 09:30:01.690,20260326,93001690,000009.SZ,940716,2,0,9.52,1000
2026-03-26 09:30:01.690,20260326,93001690,000009.SZ,941140,2,0,9.72,3900
2026-03-26 09:30:01.710,20260326,93001710,000009.SZ,942730,2,0,9.28,1000
2026-03-26 09:30:01.710,20260326,93001710,000009.SZ,942901,2,0,9.77,500
2026-03-26 09:30:01.720,20260326,93001720,000009.SZ,943701,2,0,8.98,200
2026-03-26 09:30:01.730,20260326,93001730,000009.SZ,944292,1,0,8.7,2000
2026-03-26 09:30:01.740,20260326,93001740,000009.SZ,945224,2,0,9.7,2300
2026-03-26 09:30:01.790,20260326,93001790,000009.SZ,950212,2,0,9.28,1000
2026-03-26 09:30:01.830,20260326,93001830,000009.SZ,953322,2,0,9.6,100000
2026-03-26 09:30:01.860,20260326,93001860,000009.SZ,957219,2,0,9.77,3000
2026-03-26 09:30:01.900,20260326,93001900,000009.SZ,960816,2,0,9.77,500
2026-03-26 09:30:01.930,20260326,93001930,000009.SZ,963037,2,0,9.5,100000
2026-03-26 09:30:01.950,20260326,93001950,000009.SZ,964444,1,0,8.6,2000
2026-03-26 09:30:01.970,20260326,93001970,000009.SZ,966307,1,0,8.68,1000
2026-03-26 09:30:01.990,20260326,93001990,000009.SZ,968570,2,0,8.99,20000
2026-03-26 09:30:02.000,20260326,93002000,000009.SZ,968771,2,0,8.94,800
2026-03-26 09:30:02.000,20260326,93002000,000009.SZ,968838,2,0,9.0,20000
2026-03-26 09:30:02.000,20260326,93002000,000009.SZ,969327,1,0,8.84,7000
2026-03-26 09:30:02.010,20260326,93002010,000009.SZ,969539,2,0,8.86,1000
2026-03-26 09:30:02.050,20260326,93002050,000009.SZ,973735,1,0,8.77,700
2026-03-26 09:30:02.060,20260326,93002060,000009.SZ,975359,1,0,8.82,16500
2026-03-26 09:30:02.080,20260326,93002080,000009.SZ,976724,2,0,9.0,500
2026-03-26 09:30:02.100,20260326,93002100,000009.SZ,979158,2,0,9.2,20000
2026-03-26 09:30:02.100,20260326,93002100,000009.SZ,979379,1,0,8.81,1100
2026-03-26 09:30:02.100,20260326,93002100,000009.SZ,979391,2,0,9.5,50000
2026-03-26 09:30:02.160,20260326,93002160,000009.SZ,983763,2,0,8.85,2000
2026-03-26 09:30:02.160,20260326,93002160,000009.SZ,984567,2,0,8.99,1000
2026-03-26 09:30:02.170,20260326,93002170,000009.SZ,985039,1,0,8.8,5200
2026-03-26 09:30:02.200,20260326,93002200,000009.SZ,987616,2,0,8.84,600
2026-03-26 09:30:02.210,20260326,93002210,000009.SZ,987957,2,0,8.9,200
2026-03-26 09:30:02.210,20260326,93002210,000009.SZ,987967,1,0,8.76,200
2026-03-26 09:30:02.260,20260326,93002260,000009.SZ,991471,2,0,9.38,1000
2026-03-26 09:30:02.270,20260326,93002270,000009.SZ,991673,2,0,8.97,6800
2026-03-26 09:30:02.270,20260326,93002270,000009.SZ,991714,2,0,8.85,1100
2026-03-26 09:30:02.270,20260326,93002270,000009.SZ,991909,2,0,8.84,1200
2026-03-26 09:30:02.280,20260326,93002280,000009.SZ,993174,2,0,8.94,500
2026-03-26 09:30:02.290,20260326,93002290,000009.SZ,993596,1,0,8.8,2000
2026-03-26 09:30:02.330,20260326,93002330,000009.SZ,996039,1,0,8.7,2000
2026-03-26 09:30:02.450,20260326,93002450,000009.SZ,1002331,2,0,8.85,1100
2026-03-26 09:30:02.460,20260326,93002460,000009.SZ,1002953,2,0,8.88,100
2026-03-26 09:30:02.540,20260326,93002540,000009.SZ,1007761,2,0,9.21,1900
2026-03-26 09:30:02.550,20260326,93002550,000009.SZ,1008674,2,0,8.93,2500
2026-03-26 09:30:02.560,20260326,93002560,000009.SZ,1008753,2,0,9.09,6500
2026-03-26 09:30:02.570,20260326,93002570,000009.SZ,1009400,2,0,9.16,1700
2026-03-26 09:30:02.600,20260326,93002600,000009.SZ,1010936,1,0,8.8,500
2026-03-26 09:30:02.610,20260326,93002610,000009.SZ,1011222,2,0,9.35,600
2026-03-26 09:30:02.610,20260326,93002610,000009.SZ,1011349,2,0,8.9,2900
2026-03-26 09:30:02.650,20260326,93002650,000009.SZ,1014468,2,0,9.02,300
2026-03-26 09:30:02.670,20260326,93002670,000009.SZ,1015996,1,0,8.36,500
2026-03-26 09:30:02.670,20260326,93002670,000009.SZ,1016453,2,0,8.86,4000
2026-03-26 09:30:02.700,20260326,93002700,000009.SZ,1018386,2,0,9.17,1300
2026-03-26 09:30:02.710,20260326,93002710,000009.SZ,1019435,2,0,9.0,1000
2026-03-26 09:30:02.720,20260326,93002720,000009.SZ,1020234,2,0,9.77,1300
2026-03-26 09:30:02.730,20260326,93002730,000009.SZ,1020866,2,0,9.75,1700
2026-03-26 09:30:02.740,20260326,93002740,000009.SZ,1021867,2,0,8.84,200
2026-03-26 09:30:02.740,20260326,93002740,000009.SZ,1022113,2,0,9.18,2000
2026-03-26 09:30:02.750,20260326,93002750,000009.SZ,1022554,2,0,8.85,2900
2026-03-26 09:30:02.760,20260326,93002760,000009.SZ,1023066,2,0,9.4,2500
2026-03-26 09:30:02.780,20260326,93002780,000009.SZ,1024493,2,0,9.0,1000
2026-03-26 09:30:02.800,20260326,93002800,000009.SZ,1025923,1,0,8.51,2000
2026-03-26 09:30:02.840,20260326,93002840,000009.SZ,1027971,1,0,8.3,200
2026-03-26 09:30:02.860,20260326,93002860,000009.SZ,1029657,2,0,9.03,61200
2026-03-26 09:30:02.860,20260326,93002860,000009.SZ,1030039,2,0,8.94,5000
2026-03-26 09:30:02.870,20260326,93002870,000009.SZ,1030286,1,0,8.0,400
2026-03-26 09:30:02.880,20260326,93002880,000009.SZ,1030926,2,0,9.75,900
2026-03-26 09:30:02.880,20260326,93002880,000009.SZ,1031455,2,0,9.5,2000
2026-03-26 09:30:02.900,20260326,93002900,000009.SZ,1032594,1,0,8.85,13100
2026-03-26 09:30:02.920,20260326,93002920,000009.SZ,1033874,2,0,8.85,1000
2026-03-26 09:30:02.940,20260326,93002940,000009.SZ,1034882,2,0,8.85,2000
2026-03-26 09:30:02.950,20260326,93002950,000009.SZ,1035164,1,0,8.8,2000
2026-03-26 09:30:02.970,20260326,93002970,000009.SZ,1036582,2,0,8.79,55400
2026-03-26 09:30:02.970,20260326,93002970,000009.SZ,1036626,2,0,8.8,6900
2026-03-26 09:30:03.010,20260326,93003010,000009.SZ,1038924,1,0,8.83,6300
2026-03-26 09:30:03.010,20260326,93003010,000009.SZ,1039179,1,0,8.83,6300
2026-03-26 09:30:03.030,20260326,93003030,000009.SZ,1040523,2,0,8.85,800
2026-03-26 09:30:03.040,20260326,93003040,000009.SZ,1041032,1,0,8.82,13000
2026-03-26 09:30:03.050,20260326,93003050,000009.SZ,1042038,2,0,9.4,2000
2026-03-26 09:30:03.120,20260326,93003120,000009.SZ,1045990,1,0,8.83,100
2026-03-26 09:30:03.160,20260326,93003160,000009.SZ,1048532,2,0,9.5,200
2026-03-26 09:30:03.160,20260326,93003160,000009.SZ,1048724,2,0,9.0,400
2026-03-26 09:30:03.180,20260326,93003180,000009.SZ,1050400,2,0,8.8,700
2026-03-26 09:30:03.220,20260326,93003220,000009.SZ,1052422,2,0,8.96,3700
2026-03-26 09:30:03.240,20260326,93003240,000009.SZ,1053479,2,0,9.76,500
2026-03-26 09:30:03.260,20260326,93003260,000009.SZ,1055461,1,0,8.65,500
2026-03-26 09:30:03.270,20260326,93003270,000009.SZ,1055813,2,1,0.0,400
2026-03-26 09:30:03.270,20260326,93003270,000009.SZ,1056216,2,0,8.85,400
2026-03-26 09:30:03.280,20260326,93003280,000009.SZ,1056724,1,0,8.85,500
2026-03-26 09:30:03.340,20260326,93003340,000009.SZ,1058810,2,0,9.51,2000
2026-03-26 09:30:03.350,20260326,93003350,000009.SZ,1059736,2,0,8.87,3700
2026-03-26 09:30:03.380,20260326,93003380,000009.SZ,1061586,2,0,9.77,1400
2026-03-26 09:30:03.410,20260326,93003410,000009.SZ,1062818,2,0,8.85,100
2026-03-26 09:30:03.410,20260326,93003410,000009.SZ,1063076,2,0,8.85,700
2026-03-26 09:30:03.430,20260326,93003430,000009.SZ,1063978,2,0,9.13,1000
2026-03-26 09:30:03.440,20260326,93003440,000009.SZ,1064638,2,0,8.87,5700
2026-03-26 09:30:03.460,20260326,93003460,000009.SZ,1065990,2,0,9.75,600
2026-03-26 09:30:03.500,20260326,93003500,000009.SZ,1067959,1,0,8.88,3000
2026-03-26 09:30:03.540,20260326,93003540,000009.SZ,1069518,2,0,9.15,1900
2026-03-26 09:30:03.550,20260326,93003550,000009.SZ,1069793,1,0,8.85,200
2026-03-26 09:30:03.570,20260326,93003570,000009.SZ,1070552,1,0,8.9,300
2026-03-26 09:30:03.610,20260326,93003610,000009.SZ,1071744,2,0,9.5,100
2026-03-26 09:30:03.620,20260326,93003620,000009.SZ,1072286,2,0,9.77,1000
2026-03-26 09:30:03.700,20260326,93003700,000009.SZ,1079382,2,0,9.06,10000
2026-03-26 09:30:03.720,20260326,93003720,000009.SZ,1080622,2,0,9.28,2000
2026-03-26 09:30:03.760,20260326,93003760,000009.SZ,1083704,2,0,9.25,500
2026-03-26 09:30:03.770,20260326,93003770,000009.SZ,1084416,2,0,9.77,3600
2026-03-26 09:30:03.780,20260326,93003780,000009.SZ,1084616,2,0,9.64,3600
2026-03-26 09:30:03.780,20260326,93003780,000009.SZ,1084733,2,0,9.57,3600
2026-03-26 09:30:03.820,20260326,93003820,000009.SZ,1085872,2,0,9.49,1200
2026-03-26 09:30:03.820,20260326,93003820,000009.SZ,1086056,2,0,9.39,1200
2026-03-26 09:30:03.820,20260326,93003820,000009.SZ,1086186,2,0,9.33,1300
2026-03-26 09:30:03.870,20260326,93003870,000009.SZ,1088655,2,0,9.77,100
2026-03-26 09:30:03.870,20260326,93003870,000009.SZ,1088702,2,0,9.2,15000
2026-03-26 09:30:03.880,20260326,93003880,000009.SZ,1089172,2,0,9.3,500
2026-03-26 09:30:03.880,20260326,93003880,000009.SZ,1089453,1,0,8.81,400
2026-03-26 09:30:03.950,20260326,93003950,000009.SZ,1091919,1,0,8.87,1000
2026-03-26 09:30:04.060,20260326,93004060,000009.SZ,1096352,2,0,9.77,1300
2026-03-26 09:30:04.100,20260326,93004100,000009.SZ,1098039,1,0,8.85,1700
2026-03-26 09:30:04.110,20260326,93004110,000009.SZ,1098664,2,0,8.93,400
2026-03-26 09:30:04.110,20260326,93004110,000009.SZ,1098665,2,0,8.85,1700
2026-03-26 09:30:04.150,20260326,93004150,000009.SZ,1100166,2,0,9.0,300
2026-03-26 09:30:04.150,20260326,93004150,000009.SZ,1100491,2,0,8.9,1200
2026-03-26 09:30:04.380,20260326,93004380,000009.SZ,1110812,1,0,8.7,3000
2026-03-26 09:30:04.410,20260326,93004410,000009.SZ,1111666,2,0,8.88,40000
2026-03-26 09:30:04.430,20260326,93004430,000009.SZ,1112052,2,0,9.27,1000
2026-03-26 09:30:04.450,20260326,93004450,000009.SZ,1112755,1,0,8.85,3900
2026-03-26 09:30:04.520,20260326,93004520,000009.SZ,1116101,2,0,8.87,1800
2026-03-26 09:30:04.600,20260326,93004600,000009.SZ,1118788,2,0,9.74,5000
2026-03-26 09:30:04.620,20260326,93004620,000009.SZ,1119213,2,0,8.82,10000
2026-03-26 09:30:04.650,20260326,93004650,000009.SZ,1120429,1,0,8.78,5100
2026-03-26 09:30:04.670,20260326,93004670,000009.SZ,1122456,2,0,9.14,400
2026-03-26 09:30:04.760,20260326,93004760,000009.SZ,1126587,2,0,9.77,12900
2026-03-26 09:30:04.810,20260326,93004810,000009.SZ,1128024,2,0,8.88,1000
2026-03-26 09:30:04.820,20260326,93004820,000009.SZ,1128288,2,1,0.0,600
2026-03-26 09:30:04.850,20260326,93004850,000009.SZ,1129552,1,0,8.5,3000
2026-03-26 09:30:04.900,20260326,93004900,000009.SZ,1131643,2,0,8.82,300
2026-03-26 09:30:04.940,20260326,93004940,000009.SZ,1132850,2,0,8.8,100
2026-03-26 09:30:05.030,20260326,93005030,000009.SZ,1134370,2,0,9.13,1000
2026-03-26 09:30:05.050,20260326,93005050,000009.SZ,1135485,1,0,8.55,1000
2026-03-26 09:30:05.070,20260326,93005070,000009.SZ,1136277,1,0,8.88,400
2026-03-26 09:30:05.210,20260326,93005210,000009.SZ,1140094,2,0,9.07,1800
