timestamp,date,stamp,code,order_no,bs_flag,order_type,order_price,order_volume
2026-03-19 09:15:00.030,20260319,91500030,000009.SZ,726,2,0,9.7,100
2026-03-19 09:15:00.030,20260319,91500030,000009.SZ,1170,1,0,8.28,100
2026-03-19 09:15:00.040,20260319,91500040,000009.SZ,1838,1,0,8.81,100
2026-03-19 09:15:00.040,20260319,91500040,000009.SZ,2402,2,0,9.8,100
2026-03-19 09:15:00.040,20260319,91500040,000009.SZ,2460,1,0,8.93,2000
2026-03-19 09:15:00.040,20260319,91500040,000009.SZ,3049,2,0,9.56,1000
2026-03-19 09:15:00.040,20260319,91500040,000009.SZ,3089,1,0,8.95,400
2026-03-19 09:15:00.040,20260319,91500040,000009.SZ,3090,2,0,9.43,2200
2026-03-19 09:15:00.040,20260319,91500040,000009.SZ,3926,2,0,9.22,1400
2026-03-19 09:15:00.040,20260319,91500040,000009.SZ,3930,2,0,9.32,1400
2026-03-19 09:15:00.050,20260319,91500050,000009.SZ,6115,2,0,9.25,1600
2026-03-19 09:15:00.050,20260319,91500050,000009.SZ,6116,2,0,9.32,2500
2026-03-19 09:15:00.050,20260319,91500050,000009.SZ,6587,2,0,9.97,1000
2026-03-19 09:15:00.050,20260319,91500050,000009.SZ,6745,2,0,9.15,500
2026-03-19 09:15:00.050,20260319,91500050,000009.SZ,7065,1,0,8.8,600
2026-03-19 09:15:00.050,20260319,91500050,000009.SZ,7678,1,0,8.95,100
2026-03-19 09:15:00.050,20260319,91500050,000009.SZ,8236,1,0,8.88,100
2026-03-19 09:15:00.050,20260319,91500050,000009.SZ,8662,1,0,9.06,100
2026-03-19 09:15:00.050,20260319,91500050,000009.SZ,8971,1,0,8.18,100
2026-03-19 09:15:00.050,20260319,91500050,000009.SZ,9036,2,0,9.5,31000
2026-03-19 09:15:00.050,20260319,91500050,000009.SZ,9374,1,0,9.07,2000
2026-03-19 09:15:00.060,20260319,91500060,000009.SZ,9857,2,0,9.96,20000
2026-03-19 09:15:00.060,20260319,91500060,000009.SZ,9859,2,0,9.96,2000
2026-03-19 09:15:00.060,20260319,91500060,000009.SZ,10101,1,0,8.86,4500
2026-03-19 09:15:00.060,20260319,91500060,000009.SZ,10469,2,0,9.97,100
2026-03-19 09:15:00.060,20260319,91500060,000009.SZ,10470,2,0,9.89,100
2026-03-19 09:15:00.060,20260319,91500060,000009.SZ,10473,2,0,9.79,100
2026-03-19 09:15:00.060,20260319,91500060,000009.SZ,10475,2,0,9.68,100
2026-03-19 09:15:00.060,20260319,91500060,000009.SZ,12044,2,0,9.9,500
2026-03-19 09:15:00.060,20260319,91500060,000009.SZ,13617,2,0,9.51,3000
2026-03-19 09:15:00.060,20260319,91500060,000009.SZ,13760,2,0,9.91,3000
2026-03-19 09:15:00.060,20260319,91500060,000009.SZ,14081,2,0,9.25,2000
2026-03-19 09:15:00.060,20260319,91500060,000009.SZ,14099,2,0,9.96,400
2026-03-19 09:15:00.060,20260319,91500060,000009.SZ,14335,1,0,8.93,400
2026-03-19 09:15:00.060,20260319,91500060,000009.SZ,14417,2,0,9.96,1000
2026-03-19 09:15:00.060,20260319,91500060,000009.SZ,14418,2,0,9.54,1000
2026-03-19 09:15:00.060,20260319,91500060,000009.SZ,14421,2,0,9.75,1000
2026-03-19 09:15:00.060,20260319,91500060,000009.SZ,14551,2,0,9.88,1000
2026-03-19 09:15:00.060,20260319,91500060,000009.SZ,14700,2,0,9.39,400
2026-03-19 09:15:00.070,20260319,91500070,000009.SZ,15102,2,0,9.97,600
2026-03-19 09:15:00.070,20260319,91500070,000009.SZ,15195,1,0,9.0,5000
2026-03-19 09:15:00.070,20260319,91500070,000009.SZ,15682,2,0,9.39,1000
2026-03-19 09:15:00.070,20260319,91500070,000009.SZ,16011,2,0,9.96,2600
2026-03-19 09:15:00.070,20260319,91500070,000009.SZ,16213,2,0,9.89,200
2026-03-19 09:15:00.070,20260319,91500070,000009.SZ,16400,2,0,9.95,2000
2026-03-19 09:15:00.070,20260319,91500070,000009.SZ,16402,2,0,9.75,2000
2026-03-19 09:15:00.070,20260319,91500070,000009.SZ,16435,1,0,9.81,2000
2026-03-19 09:15:00.070,20260319,91500070,000009.SZ,16511,2,0,9.31,6000
2026-03-19 09:15:00.070,20260319,91500070,000009.SZ,16998,2,0,9.96,600
2026-03-19 09:15:00.070,20260319,91500070,000009.SZ,17388,2,0,9.96,5000
2026-03-19 09:15:00.070,20260319,91500070,000009.SZ,18330,1,0,8.91,2100
2026-03-19 09:15:00.070,20260319,91500070,000009.SZ,18346,1,0,8.8,700
2026-03-19 09:15:00.070,20260319,91500070,000009.SZ,18437,1,0,8.81,4500
2026-03-19 09:15:00.070,20260319,91500070,000009.SZ,19514,2,0,9.33,1100
2026-03-19 09:15:00.080,20260319,91500080,000009.SZ,19718,1,0,8.16,100
2026-03-19 09:15:00.080,20260319,91500080,000009.SZ,20389,2,0,9.96,5000
2026-03-19 09:15:00.080,20260319,91500080,000009.SZ,22448,2,0,9.43,800
2026-03-19 09:15:00.080,20260319,91500080,000009.SZ,22899,2,0,9.95,1900
2026-03-19 09:15:00.080,20260319,91500080,000009.SZ,23395,2,0,9.68,8000
2026-03-19 09:15:00.080,20260319,91500080,000009.SZ,23396,2,0,9.79,2000
2026-03-19 09:15:00.080,20260319,91500080,000009.SZ,23398,2,0,9.97,8000
2026-03-19 09:15:00.080,20260319,91500080,000009.SZ,23400,1,0,8.81,10000
2026-03-19 09:15:00.080,20260319,91500080,000009.SZ,23404,2,0,9.68,20000
2026-03-19 09:15:00.080,20260319,91500080,000009.SZ,23407,2,0,9.79,20000
2026-03-19 09:15:00.080,20260319,91500080,000009.SZ,23408,2,0,9.97,2000
2026-03-19 09:15:00.080,20260319,91500080,000009.SZ,23409,2,0,9.97,5000
2026-03-19 09:15:00.080,20260319,91500080,000009.SZ,23410,2,0,9.72,60000
2026-03-19 09:15:00.080,20260319,91500080,000009.SZ,23413,1,0,8.81,10000
2026-03-19 09:15:00.080,20260319,91500080,000009.SZ,24035,2,0,9.44,1000
2026-03-19 09:15:00.090,20260319,91500090,000009.SZ,25210,1,0,9.06,200
2026-03-19 09:15:00.090,20260319,91500090,000009.SZ,25331,2,0,9.96,1000
2026-03-19 09:15:00.090,20260319,91500090,000009.SZ,25477,1,0,8.98,1200
2026-03-19 09:15:00.090,20260319,91500090,000009.SZ,26559,2,0,9.96,3000
2026-03-19 09:15:00.090,20260319,91500090,000009.SZ,26821,1,0,8.8,600
2026-03-19 09:15:00.090,20260319,91500090,000009.SZ,27547,1,0,8.9,200
2026-03-19 09:15:00.090,20260319,91500090,000009.SZ,27575,2,0,9.97,200
2026-03-19 09:15:00.090,20260319,91500090,000009.SZ,27919,1,0,8.96,2000
2026-03-19 09:15:00.090,20260319,91500090,000009.SZ,29055,2,0,9.62,500
2026-03-19 09:15:00.090,20260319,91500090,000009.SZ,29094,1,0,8.8,3000
2026-03-19 09:15:00.100,20260319,91500100,000009.SZ,29594,2,0,9.19,5100
2026-03-19 09:15:00.100,20260319,91500100,000009.SZ,29607,1,0,8.3,100
2026-03-19 09:15:00.100,20260319,91500100,000009.SZ,29966,2,0,9.25,1200
2026-03-19 09:15:00.100,20260319,91500100,000009.SZ,30195,2,0,9.96,1000
2026-03-19 09:15:00.100,20260319,91500100,000009.SZ,30800,2,0,9.97,5000
2026-03-19 09:15:00.100,20260319,91500100,000009.SZ,30848,1,0,8.18,300
2026-03-19 09:15:00.100,20260319,91500100,000009.SZ,32439,1,0,8.82,5000
2026-03-19 09:15:00.100,20260319,91500100,000009.SZ,33390,2,0,9.69,10000
2026-03-19 09:15:00.110,20260319,91500110,000009.SZ,33484,2,0,9.79,30000
2026-03-19 09:15:00.110,20260319,91500110,000009.SZ,33485,2,0,9.97,2000
2026-03-19 09:15:00.110,20260319,91500110,000009.SZ,33486,2,0,9.68,10000
2026-03-19 09:15:00.110,20260319,91500110,000009.SZ,33487,1,0,9.81,10000
2026-03-19 09:15:00.110,20260319,91500110,000009.SZ,35880,2,0,9.97,2000
2026-03-19 09:15:00.110,20260319,91500110,000009.SZ,36624,2,0,9.38,40000
2026-03-19 09:15:00.110,20260319,91500110,000009.SZ,36805,2,0,9.48,50000
2026-03-19 09:15:00.110,20260319,91500110,000009.SZ,36857,2,0,9.53,500
2026-03-19 09:15:00.110,20260319,91500110,000009.SZ,37238,2,0,9.96,1000
2026-03-19 09:15:00.110,20260319,91500110,000009.SZ,38217,1,0,8.92,1000
2026-03-19 09:15:00.110,20260319,91500110,000009.SZ,38306,2,0,9.28,2000
2026-03-19 09:15:00.120,20260319,91500120,000009.SZ,39932,2,0,9.97,500
2026-03-19 09:15:00.120,20260319,91500120,000009.SZ,39951,2,0,9.97,500
2026-03-19 09:15:00.120,20260319,91500120,000009.SZ,40952,2,0,9.97,5000
2026-03-19 09:15:00.130,20260319,91500130,000009.SZ,43325,2,0,9.65,1700
2026-03-19 09:15:00.130,20260319,91500130,000009.SZ,43509,1,0,8.68,500
2026-03-19 09:15:00.130,20260319,91500130,000009.SZ,43688,2,0,9.96,100
2026-03-19 09:15:00.130,20260319,91500130,000009.SZ,43689,2,0,9.8,100
2026-03-19 09:15:00.130,20260319,91500130,000009.SZ,44389,2,0,9.45,1000
2026-03-19 09:15:00.130,20260319,91500130,000009.SZ,45661,2,0,9.6,500
2026-03-19 09:15:00.130,20260319,91500130,000009.SZ,46924,2,0,9.97,5000
2026-03-19 09:15:00.140,20260319,91500140,000009.SZ,48594,2,0,9.59,1200
2026-03-19 09:15:00.140,20260319,91500140,000009.SZ,50445,2,0,9.96,1100
2026-03-19 09:15:00.140,20260319,91500140,000009.SZ,50457,1,0,8.83,200
2026-03-19 09:15:00.140,20260319,91500140,000009.SZ,50460,2,0,9.3,200
2026-03-19 09:15:00.140,20260319,91500140,000009.SZ,51456,2,0,9.69,1000
2026-03-19 09:15:00.140,20260319,91500140,000009.SZ,51837,1,0,8.88,1700
2026-03-19 09:15:00.150,20260319,91500150,000009.SZ,52277,2,0,9.39,5000
2026-03-19 09:15:00.150,20260319,91500150,000009.SZ,52535,2,0,9.21,200
2026-03-19 09:15:00.150,20260319,91500150,000009.SZ,52536,2,0,9.36,200
2026-03-19 09:15:00.150,20260319,91500150,000009.SZ,52537,2,0,9.52,200
2026-03-19 09:15:00.150,20260319,91500150,000009.SZ,52538,2,0,9.67,200
2026-03-19 09:15:00.150,20260319,91500150,000009.SZ,52539,2,0,9.82,200
2026-03-19 09:15:00.150,20260319,91500150,000009.SZ,52540,2,0,9.97,200
2026-03-19 09:15:00.150,20260319,91500150,000009.SZ,53023,2,0,9.9,700
2026-03-19 09:15:00.150,20260319,91500150,000009.SZ,53024,2,0,9.96,700
2026-03-19 09:15:00.150,20260319,91500150,000009.SZ,54045,2,0,9.88,700
2026-03-19 09:15:00.150,20260319,91500150,000009.SZ,54499,2,0,9.96,500
2026-03-19 09:15:00.150,20260319,91500150,000009.SZ,55382,1,0,8.8,700
2026-03-19 09:15:00.150,20260319,91500150,000009.SZ,55396,2,0,9.96,2600
2026-03-19 09:15:00.150,20260319,91500150,000009.SZ,55440,2,0,9.64,2000
2026-03-19 09:15:00.160,20260319,91500160,000009.SZ,57761,1,0,8.99,30000
2026-03-19 09:15:00.160,20260319,91500160,000009.SZ,59250,2,0,9.6,3000
2026-03-19 09:15:00.160,20260319,91500160,000009.SZ,59275,2,0,9.68,300
2026-03-19 09:15:00.160,20260319,91500160,000009.SZ,59276,2,0,9.75,300
2026-03-19 09:15:00.170,20260319,91500170,000009.SZ,61369,2,0,9.65,200
2026-03-19 09:15:00.170,20260319,91500170,000009.SZ,62237,2,0,9.6,600
2026-03-19 09:15:00.170,20260319,91500170,000009.SZ,62323,2,0,9.97,100
2026-03-19 09:15:00.170,20260319,91500170,000009.SZ,62434,2,0,9.96,4000
2026-03-19 09:15:00.170,20260319,91500170,000009.SZ,62508,2,0,9.97,800
2026-03-19 09:15:00.180,20260319,91500180,000009.SZ,63471,1,0,8.85,2000
2026-03-19 09:15:00.180,20260319,91500180,000009.SZ,63834,1,0,8.8,600
2026-03-19 09:15:00.180,20260319,91500180,000009.SZ,64232,1,0,8.7,400
2026-03-19 09:15:00.190,20260319,91500190,000009.SZ,67382,2,0,9.94,600
2026-03-19 09:15:00.190,20260319,91500190,000009.SZ,67675,1,0,8.2,600
2026-03-19 09:15:00.190,20260319,91500190,000009.SZ,67778,2,0,9.97,500
2026-03-19 09:15:00.190,20260319,91500190,000009.SZ,67941,2,0,9.5,2000
2026-03-19 09:15:00.190,20260319,91500190,000009.SZ,68193,2,0,9.97,5000
2026-03-19 09:15:00.190,20260319,91500190,000009.SZ,68221,2,0,9.69,2000
2026-03-19 09:15:00.190,20260319,91500190,000009.SZ,68390,2,0,9.95,1000
2026-03-19 09:15:00.190,20260319,91500190,000009.SZ,68391,2,0,9.52,1000
2026-03-19 09:15:00.190,20260319,91500190,000009.SZ,69245,2,0,9.97,100
2026-03-19 09:15:00.200,20260319,91500200,000009.SZ,70530,1,0,8.81,1000
2026-03-19 09:15:00.200,20260319,91500200,000009.SZ,70626,2,0,9.95,200
2026-03-19 09:15:00.200,20260319,91500200,000009.SZ,71479,2,0,9.93,1000
2026-03-19 09:15:00.200,20260319,91500200,000009.SZ,71930,1,0,8.15,5000
2026-03-19 09:15:00.210,20260319,91500210,000009.SZ,73559,1,0,8.8,600
2026-03-19 09:15:00.210,20260319,91500210,000009.SZ,73562,1,0,8.52,600
2026-03-19 09:15:00.210,20260319,91500210,000009.SZ,74212,2,0,9.35,2300
2026-03-19 09:15:00.210,20260319,91500210,000009.SZ,75445,1,0,8.8,600
2026-03-19 09:15:00.210,20260319,91500210,000009.SZ,75446,1,0,8.52,600
2026-03-19 09:15:00.220,20260319,91500220,000009.SZ,76140,1,0,9.06,200
2026-03-19 09:15:00.220,20260319,91500220,000009.SZ,76435,2,0,9.35,1100
2026-03-19 09:15:00.220,20260319,91500220,000009.SZ,76436,1,0,8.99,600
2026-03-19 09:15:00.220,20260319,91500220,000009.SZ,77105,2,0,9.31,500
2026-03-19 09:15:00.220,20260319,91500220,000009.SZ,77467,1,0,8.98,1000
2026-03-19 09:15:00.220,20260319,91500220,000009.SZ,78046,2,0,9.19,2000
2026-03-19 09:15:00.230,20260319,91500230,000009.SZ,78374,2,0,9.35,38200
2026-03-19 09:15:00.230,20260319,91500230,000009.SZ,78959,1,0,8.88,40300
2026-03-19 09:15:00.230,20260319,91500230,000009.SZ,79587,1,0,9.01,500
2026-03-19 09:15:00.230,20260319,91500230,000009.SZ,80654,2,0,9.96,600
2026-03-19 09:15:00.240,20260319,91500240,000009.SZ,81148,1,0,8.36,400
2026-03-19 09:15:00.240,20260319,91500240,000009.SZ,81558,2,0,9.96,600
2026-03-19 09:15:00.240,20260319,91500240,000009.SZ,82855,2,0,9.33,1000
2026-03-19 09:15:00.250,20260319,91500250,000009.SZ,83914,2,0,9.97,1000
2026-03-19 09:15:00.250,20260319,91500250,000009.SZ,83915,2,0,9.69,1000
2026-03-19 09:15:00.250,20260319,91500250,000009.SZ,84157,1,0,8.69,1200
2026-03-19 09:15:00.260,20260319,91500260,000009.SZ,86904,1,0,8.8,600
2026-03-19 09:15:00.260,20260319,91500260,000009.SZ,86951,2,0,9.47,200
2026-03-19 09:15:00.260,20260319,91500260,000009.SZ,87189,2,0,9.32,400
2026-03-19 09:15:00.260,20260319,91500260,000009.SZ,87221,2,0,9.05,3240
2026-03-19 09:15:00.270,20260319,91500270,000009.SZ,89291,2,0,9.66,2000
2026-03-19 09:15:00.280,20260319,91500280,000009.SZ,90047,1,0,9.06,900
2026-03-19 09:15:00.280,20260319,91500280,000009.SZ,90628,1,0,9.0,2000
2026-03-19 09:15:00.280,20260319,91500280,000009.SZ,91601,2,0,9.35,1000
2026-03-19 09:15:00.280,20260319,91500280,000009.SZ,91606,2,0,9.3,1000
2026-03-19 09:15:00.280,20260319,91500280,000009.SZ,91653,1,0,8.8,10000
2026-03-19 09:15:00.290,20260319,91500290,000009.SZ,92193,1,0,8.8,600
2026-03-19 09:15:00.290,20260319,91500290,000009.SZ,92664,1,0,8.15,6000
2026-03-19 09:15:00.290,20260319,91500290,000009.SZ,92844,2,0,9.3,1000
2026-03-19 09:15:00.290,20260319,91500290,000009.SZ,93524,2,0,9.8,2000
2026-03-19 09:15:00.290,20260319,91500290,000009.SZ,93657,1,0,8.8,1500
2026-03-19 09:15:00.300,20260319,91500300,000009.SZ,95742,2,0,9.58,200
2026-03-19 09:15:00.300,20260319,91500300,000009.SZ,95831,2,0,8.15,5000
2026-03-19 09:15:00.310,20260319,91500310,000009.SZ,97446,1,0,8.82,1000
2026-03-19 09:15:00.310,20260319,91500310,000009.SZ,97447,2,0,9.4,1000
2026-03-19 09:15:00.320,20260319,91500320,000009.SZ,98482,2,0,9.97,100
2026-03-19 09:15:00.320,20260319,91500320,000009.SZ,98553,2,0,9.45,2000
2026-03-19 09:15:00.320,20260319,91500320,000009.SZ,98554,2,0,9.62,2000
2026-03-19 09:15:00.320,20260319,91500320,000009.SZ,99868,1,0,8.55,2000
2026-03-19 09:15:00.330,20260319,91500330,000009.SZ,100477,1,0,8.18,500
2026-03-19 09:15:00.330,20260319,91500330,000009.SZ,100924,2,0,9.69,100
2026-03-19 09:15:00.330,20260319,91500330,000009.SZ,100925,2,0,9.89,100
2026-03-19 09:15:00.330,20260319,91500330,000009.SZ,101182,1,0,8.9,2000
2026-03-19 09:15:00.330,20260319,91500330,000009.SZ,101350,2,0,9.6,500
2026-03-19 09:15:00.330,20260319,91500330,000009.SZ,101570,2,0,9.96,20900
2026-03-19 09:15:00.340,20260319,91500340,000009.SZ,102259,2,0,9.45,8500
2026-03-19 09:15:00.340,20260319,91500340,000009.SZ,103025,2,0,9.97,300
2026-03-19 09:15:00.350,20260319,91500350,000009.SZ,103713,1,0,8.83,1500
2026-03-19 09:15:00.350,20260319,91500350,000009.SZ,103854,2,0,9.48,1000
2026-03-19 09:15:00.350,20260319,91500350,000009.SZ,104089,1,0,8.29,13000
2026-03-19 09:15:00.350,20260319,91500350,000009.SZ,104204,2,0,9.45,100
2026-03-19 09:15:00.350,20260319,91500350,000009.SZ,104205,2,0,9.97,200
2026-03-19 09:15:00.350,20260319,91500350,000009.SZ,104451,2,0,9.4,2000
2026-03-19 09:15:00.360,20260319,91500360,000009.SZ,105084,2,0,9.34,100
2026-03-19 09:15:00.360,20260319,91500360,000009.SZ,105086,2,0,9.5,100
2026-03-19 09:15:00.360,20260319,91500360,000009.SZ,105116,2,0,9.6,100
2026-03-19 09:15:00.360,20260319,91500360,000009.SZ,105118,1,0,8.77,100
2026-03-19 09:15:00.360,20260319,91500360,000009.SZ,105186,2,0,9.55,5000
2026-03-19 09:15:00.360,20260319,91500360,000009.SZ,105342,1,0,8.82,1200
2026-03-19 09:15:00.360,20260319,91500360,000009.SZ,105345,1,0,8.39,5000
2026-03-19 09:15:00.370,20260319,91500370,000009.SZ,106344,1,0,8.2,400
2026-03-19 09:15:00.370,20260319,91500370,000009.SZ,106522,2,0,9.49,1000
2026-03-19 09:15:00.370,20260319,91500370,000009.SZ,106524,2,0,9.79,1000
2026-03-19 09:15:00.370,20260319,91500370,000009.SZ,106525,2,0,9.89,1000
2026-03-19 09:15:00.370,20260319,91500370,000009.SZ,106759,2,0,9.22,500
2026-03-19 09:15:00.370,20260319,91500370,000009.SZ,106869,1,0,8.5,400
2026-03-19 09:15:00.390,20260319,91500390,000009.SZ,108731,1,0,8.9,1000
2026-03-19 09:15:00.400,20260319,91500400,000009.SZ,109449,2,0,9.96,1200
2026-03-19 09:15:00.400,20260319,91500400,000009.SZ,110065,2,0,9.68,3000
2026-03-19 09:15:00.400,20260319,91500400,000009.SZ,110066,2,0,9.75,2500
2026-03-19 09:15:00.400,20260319,91500400,000009.SZ,110067,2,0,9.85,2000
2026-03-19 09:15:00.400,20260319,91500400,000009.SZ,110250,1,0,8.84,3000
2026-03-19 09:15:00.410,20260319,91500410,000009.SZ,111011,2,0,9.56,1000
2026-03-19 09:15:00.410,20260319,91500410,000009.SZ,111021,2,0,9.36,1500
2026-03-19 09:15:00.410,20260319,91500410,000009.SZ,111022,2,0,9.56,1500
2026-03-19 09:15:00.410,20260319,91500410,000009.SZ,111274,1,0,9.0,400
2026-03-19 09:15:00.420,20260319,91500420,000009.SZ,111528,1,0,9.04,2200
2026-03-19 09:15:00.430,20260319,91500430,000009.SZ,114007,2,0,9.97,500
2026-03-19 09:15:00.440,20260319,91500440,000009.SZ,114182,2,0,9.33,1300
2026-03-19 09:15:00.450,20260319,91500450,000009.SZ,115963,2,0,9.75,3300
2026-03-19 09:15:00.460,20260319,91500460,000009.SZ,116604,2,0,9.38,21600
2026-03-19 09:15:00.460,20260319,91500460,000009.SZ,117067,1,0,8.9,300
2026-03-19 09:15:00.470,20260319,91500470,000009.SZ,117842,2,0,9.9,200
2026-03-19 09:15:00.470,20260319,91500470,000009.SZ,118073,2,0,9.2,2000
2026-03-19 09:15:00.470,20260319,91500470,000009.SZ,118186,2,0,9.42,100
2026-03-19 09:15:00.480,20260319,91500480,000009.SZ,118832,1,0,8.91,100
2026-03-19 09:15:00.490,20260319,91500490,000009.SZ,120381,2,0,9.6,800
2026-03-19 09:15:00.490,20260319,91500490,000009.SZ,120657,2,0,9.96,1100
2026-03-19 09:15:00.500,20260319,91500500,000009.SZ,121789,2,0,9.19,800
2026-03-19 09:15:00.510,20260319,91500510,000009.SZ,122075,1,0,8.75,3000
2026-03-19 09:15:00.510,20260319,91500510,000009.SZ,122659,1,0,8.6,100
2026-03-19 09:15:00.520,20260319,91500520,000009.SZ,124016,2,0,9.96,2300
2026-03-19 09:15:00.520,20260319,91500520,000009.SZ,124201,1,0,8.95,100
2026-03-19 09:15:00.520,20260319,91500520,000009.SZ,124213,2,0,9.28,5000
2026-03-19 09:15:00.520,20260319,91500520,000009.SZ,124215,2,0,9.38,5000
2026-03-19 09:15:00.520,20260319,91500520,000009.SZ,124216,2,0,9.48,5000
2026-03-19 09:15:00.520,20260319,91500520,000009.SZ,124223,2,0,9.58,5000
2026-03-19 09:15:00.520,20260319,91500520,000009.SZ,124227,2,0,9.68,10000
2026-03-19 09:15:00.520,20260319,91500520,000009.SZ,124237,2,0,9.78,10000
2026-03-19 09:15:00.530,20260319,91500530,000009.SZ,124245,2,0,9.88,10000
2026-03-19 09:15:00.530,20260319,91500530,000009.SZ,124253,2,0,9.97,10000
2026-03-19 09:15:00.530,20260319,91500530,000009.SZ,124436,2,0,9.9,400
2026-03-19 09:15:00.530,20260319,91500530,000009.SZ,124878,1,0,8.82,7000
2026-03-19 09:15:00.540,20260319,91500540,000009.SZ,126328,1,0,8.86,700
2026-03-19 09:15:00.550,20260319,91500550,000009.SZ,126532,2,0,9.7,1000
2026-03-19 09:15:00.550,20260319,91500550,000009.SZ,126819,2,0,9.3,2000
2026-03-19 09:15:00.560,20260319,91500560,000009.SZ,128632,2,0,9.55,3000
2026-03-19 09:15:00.560,20260319,91500560,000009.SZ,128672,1,0,8.36,400
2026-03-19 09:15:00.570,20260319,91500570,000009.SZ,129119,2,0,9.56,2000
2026-03-19 09:15:00.570,20260319,91500570,000009.SZ,129120,2,0,9.68,2000
2026-03-19 09:15:00.570,20260319,91500570,000009.SZ,129121,2,0,9.78,1000
2026-03-19 09:15:00.570,20260319,91500570,000009.SZ,129348,1,0,8.7,100
2026-03-19 09:15:00.570,20260319,91500570,000009.SZ,129825,1,0,9.06,1600
2026-03-19 09:15:00.600,20260319,91500600,000009.SZ,131949,2,0,9.95,300
2026-03-19 09:15:00.600,20260319,91500600,000009.SZ,132257,2,0,9.97,200
2026-03-19 09:15:00.600,20260319,91500600,000009.SZ,132258,2,0,9.73,300
2026-03-19 09:15:00.600,20260319,91500600,000009.SZ,132259,2,0,9.59,300
2026-03-19 09:15:00.600,20260319,91500600,000009.SZ,132260,2,0,9.47,300
2026-03-19 09:15:00.600,20260319,91500600,000009.SZ,132763,2,0,9.95,300
2026-03-19 09:15:00.600,20260319,91500600,000009.SZ,132764,2,0,9.7,300
2026-03-19 09:15:00.600,20260319,91500600,000009.SZ,132766,2,0,9.55,300
2026-03-19 09:15:00.610,20260319,91500610,000009.SZ,132945,2,0,9.81,100
2026-03-19 09:15:00.610,20260319,91500610,000009.SZ,132947,1,0,8.41,100
2026-03-19 09:15:00.610,20260319,91500610,000009.SZ,133545,1,0,8.7,300
2026-03-19 09:15:00.620,20260319,91500620,000009.SZ,133995,1,0,8.4,200
2026-03-19 09:15:00.630,20260319,91500630,000009.SZ,135199,2,0,9.6,500
2026-03-19 09:15:00.640,20260319,91500640,000009.SZ,136373,2,0,9.68,5500
2026-03-19 09:15:00.640,20260319,91500640,000009.SZ,136393,2,0,9.28,1000
2026-03-19 09:15:00.650,20260319,91500650,000009.SZ,137280,2,0,9.35,1000
2026-03-19 09:15:00.660,20260319,91500660,000009.SZ,138486,2,0,9.24,200
2026-03-19 09:15:00.660,20260319,91500660,000009.SZ,138589,1,0,9.0,500
2026-03-19 09:15:00.660,20260319,91500660,000009.SZ,138668,2,0,9.66,8000
2026-03-19 09:15:00.660,20260319,91500660,000009.SZ,138669,1,0,8.95,4100
2026-03-19 09:15:00.670,20260319,91500670,000009.SZ,138931,1,0,8.88,1500
2026-03-19 09:15:00.670,20260319,91500670,000009.SZ,139150,1,0,8.9,900
2026-03-19 09:15:00.670,20260319,91500670,000009.SZ,139495,1,0,8.92,1000
2026-03-19 09:15:00.680,20260319,91500680,000009.SZ,140264,1,0,8.8,200
2026-03-19 09:15:00.680,20260319,91500680,000009.SZ,140280,1,0,8.15,1000
2026-03-19 09:15:00.680,20260319,91500680,000009.SZ,140395,1,0,8.9,5000
2026-03-19 09:15:00.680,20260319,91500680,000009.SZ,140396,2,0,9.9,2000
2026-03-19 09:15:00.680,20260319,91500680,000009.SZ,140485,1,0,8.82,3000
2026-03-19 09:15:00.680,20260319,91500680,000009.SZ,140779,2,0,9.42,7300
2026-03-19 09:15:00.690,20260319,91500690,000009.SZ,141707,1,0,8.88,700
2026-03-19 09:15:00.690,20260319,91500690,000009.SZ,141897,2,0,9.7,5100
2026-03-19 09:15:00.700,20260319,91500700,000009.SZ,142480,1,0,8.8,100
2026-03-19 09:15:00.700,20260319,91500700,000009.SZ,142756,1,0,8.89,400
2026-03-19 09:15:00.700,20260319,91500700,000009.SZ,142800,2,0,9.28,1000
2026-03-19 09:15:00.700,20260319,91500700,000009.SZ,142820,2,0,9.31,1000
2026-03-19 09:15:00.710,20260319,91500710,000009.SZ,143364,1,0,8.15,300
2026-03-19 09:15:00.710,20260319,91500710,000009.SZ,143393,2,0,9.95,500
2026-03-19 09:15:00.710,20260319,91500710,000009.SZ,143633,1,0,8.15,200
2026-03-19 09:15:00.710,20260319,91500710,000009.SZ,143691,2,0,9.5,300
2026-03-19 09:15:00.710,20260319,91500710,000009.SZ,143737,1,0,8.81,1500
2026-03-19 09:15:00.710,20260319,91500710,000009.SZ,143981,2,0,9.52,600
2026-03-19 09:15:00.710,20260319,91500710,000009.SZ,144348,2,0,9.38,2100
2026-03-19 09:15:00.720,20260319,91500720,000009.SZ,144576,2,0,9.56,1700
2026-03-19 09:15:00.720,20260319,91500720,000009.SZ,144577,2,0,9.68,1700
2026-03-19 09:15:00.720,20260319,91500720,000009.SZ,145239,2,0,9.97,100
2026-03-19 09:15:00.720,20260319,91500720,000009.SZ,145352,2,0,9.96,500
2026-03-19 09:15:00.730,20260319,91500730,000009.SZ,146151,1,0,9.0,100
2026-03-19 09:15:00.730,20260319,91500730,000009.SZ,146152,1,0,8.96,100
2026-03-19 09:15:00.730,20260319,91500730,000009.SZ,146153,1,0,8.92,100
2026-03-19 09:15:00.730,20260319,91500730,000009.SZ,146261,2,0,9.19,2200
2026-03-19 09:15:00.750,20260319,91500750,000009.SZ,148870,1,0,8.28,800
2026-03-19 09:15:00.760,20260319,91500760,000009.SZ,149973,1,0,8.95,200
2026-03-19 09:15:00.770,20260319,91500770,000009.SZ,150754,2,0,9.28,10000
2026-03-19 09:15:00.770,20260319,91500770,000009.SZ,150896,2,0,9.6,4100
2026-03-19 09:15:00.780,20260319,91500780,000009.SZ,152091,2,0,9.39,600
2026-03-19 09:15:00.780,20260319,91500780,000009.SZ,152314,1,0,8.91,3100
2026-03-19 09:15:00.790,20260319,91500790,000009.SZ,153255,1,0,8.71,400
2026-03-19 09:15:00.790,20260319,91500790,000009.SZ,153423,2,0,9.3,5700
2026-03-19 09:15:00.790,20260319,91500790,000009.SZ,153878,2,0,9.18,10000
2026-03-19 09:15:00.800,20260319,91500800,000009.SZ,155516,1,0,8.7,5000
2026-03-19 09:15:00.810,20260319,91500810,000009.SZ,156778,2,0,9.97,1500
2026-03-19 09:15:00.860,20260319,91500860,000009.SZ,160369,1,0,8.82,500
2026-03-19 09:15:00.880,20260319,91500880,000009.SZ,161743,2,0,9.96,300
2026-03-19 09:15:00.920,20260319,91500920,000009.SZ,164124,2,0,9.18,1000
2026-03-19 09:15:00.920,20260319,91500920,000009.SZ,164125,2,0,9.28,1000
2026-03-19 09:15:00.920,20260319,91500920,000009.SZ,164126,2,0,9.38,1000
2026-03-19 09:15:00.920,20260319,91500920,000009.SZ,164146,1,0,8.8,1000
2026-03-19 09:15:00.930,20260319,91500930,000009.SZ,165117,2,0,9.92,200
2026-03-19 09:15:00.930,20260319,91500930,000009.SZ,165118,2,0,9.72,200
2026-03-19 09:15:00.930,20260319,91500930,000009.SZ,165130,1,0,8.18,1000
2026-03-19 09:15:00.930,20260319,91500930,000009.SZ,165131,1,0,8.38,800
2026-03-19 09:15:00.930,20260319,91500930,000009.SZ,165132,1,0,8.58,800
2026-03-19 09:15:00.930,20260319,91500930,000009.SZ,165228,2,0,9.82,2000
2026-03-19 09:15:00.940,20260319,91500940,000009.SZ,166031,1,0,8.8,100
2026-03-19 09:15:00.950,20260319,91500950,000009.SZ,166426,1,0,8.95,1100
2026-03-19 09:15:00.960,20260319,91500960,000009.SZ,168092,2,0,9.97,10000
2026-03-19 09:15:00.980,20260319,91500980,000009.SZ,168755,1,0,8.8,300
2026-03-19 09:15:00.990,20260319,91500990,000009.SZ,169514,2,0,9.3,500
2026-03-19 09:15:01.000,20260319,91501000,000009.SZ,170237,1,0,8.87,200
2026-03-19 09:15:01.020,20260319,91501020,000009.SZ,171881,1,0,8.78,3000
2026-03-19 09:15:01.020,20260319,91501020,000009.SZ,172208,2,0,9.49,1000
2026-03-19 09:15:01.030,20260319,91501030,000009.SZ,172583,1,0,8.35,400
2026-03-19 09:15:01.030,20260319,91501030,000009.SZ,173093,1,0,9.06,300
2026-03-19 09:15:01.050,20260319,91501050,000009.SZ,173967,1,0,8.87,200
2026-03-19 09:15:01.050,20260319,91501050,000009.SZ,174422,2,0,9.4,2000
2026-03-19 09:15:01.050,20260319,91501050,000009.SZ,174423,2,0,9.7,1500
2026-03-19 09:15:01.060,20260319,91501060,000009.SZ,174699,2,0,9.93,500
2026-03-19 09:15:01.070,20260319,91501070,000009.SZ,175417,1,0,8.85,200
2026-03-19 09:15:01.070,20260319,91501070,000009.SZ,175581,2,0,9.97,800
2026-03-19 09:15:01.080,20260319,91501080,000009.SZ,176220,2,0,9.4,2600
2026-03-19 09:15:01.080,20260319,91501080,000009.SZ,176420,2,0,9.2,1000
2026-03-19 09:15:01.090,20260319,91501090,000009.SZ,176871,1,0,8.85,200
2026-03-19 09:15:01.110,20260319,91501110,000009.SZ,178462,2,0,9.18,6300
2026-03-19 09:15:01.120,20260319,91501120,000009.SZ,178916,2,0,9.97,2000
2026-03-19 09:15:01.140,20260319,91501140,000009.SZ,180234,2,0,9.97,20000
2026-03-19 09:15:01.140,20260319,91501140,000009.SZ,180236,2,0,9.97,100000
2026-03-19 09:15:01.150,20260319,91501150,000009.SZ,180674,2,0,9.38,5000
2026-03-19 09:15:01.160,20260319,91501160,000009.SZ,181291,1,0,8.56,100
2026-03-19 09:15:01.170,20260319,91501170,000009.SZ,182476,2,0,9.2,2000
2026-03-19 09:15:01.170,20260319,91501170,000009.SZ,182500,1,0,8.83,2000
2026-03-19 09:15:01.170,20260319,91501170,000009.SZ,182757,2,0,9.8,1000
2026-03-19 09:15:01.180,20260319,91501180,000009.SZ,183305,2,0,9.56,100
2026-03-19 09:15:01.180,20260319,91501180,000009.SZ,183315,2,0,9.66,200
2026-03-19 09:15:01.180,20260319,91501180,000009.SZ,183316,2,0,9.76,200
2026-03-19 09:15:01.180,20260319,91501180,000009.SZ,183317,2,0,9.88,200
2026-03-19 09:15:01.180,20260319,91501180,000009.SZ,183318,2,0,9.97,200
2026-03-19 09:15:01.190,20260319,91501190,000009.SZ,184002,2,0,9.43,300
2026-03-19 09:15:01.190,20260319,91501190,000009.SZ,184061,1,0,8.8,600
2026-03-19 09:15:01.210,20260319,91501210,000009.SZ,185199,2,0,9.73,4000
2026-03-19 09:15:01.210,20260319,91501210,000009.SZ,185246,1,0,8.87,18000
2026-03-19 09:15:01.210,20260319,91501210,000009.SZ,185314,2,0,9.94,1300
2026-03-19 09:15:01.210,20260319,91501210,000009.SZ,185517,2,0,9.18,800
2026-03-19 09:15:01.210,20260319,91501210,000009.SZ,185520,2,0,9.31,800
2026-03-19 09:15:01.210,20260319,91501210,000009.SZ,185535,1,0,8.88,800
2026-03-19 09:15:01.210,20260319,91501210,000009.SZ,185536,1,0,8.73,600
2026-03-19 09:15:01.220,20260319,91501220,000009.SZ,185597,2,0,9.26,400
2026-03-19 09:15:01.220,20260319,91501220,000009.SZ,185717,2,0,9.2,1600
2026-03-19 09:15:01.220,20260319,91501220,000009.SZ,185970,2,0,9.86,100
2026-03-19 09:15:01.230,20260319,91501230,000009.SZ,186352,2,0,9.51,2000
2026-03-19 09:15:01.260,20260319,91501260,000009.SZ,188232,2,0,9.24,2000
2026-03-19 09:15:01.290,20260319,91501290,000009.SZ,189616,1,0,8.65,100
2026-03-19 09:15:01.300,20260319,91501300,000009.SZ,190201,2,0,9.05,100
2026-03-19 09:15:01.310,20260319,91501310,000009.SZ,190830,1,0,8.87,500
2026-03-19 09:15:01.320,20260319,91501320,000009.SZ,191868,2,0,9.7,100
2026-03-19 09:15:01.340,20260319,91501340,000009.SZ,193275,2,0,9.9,1000
2026-03-19 09:15:01.350,20260319,91501350,000009.SZ,193946,1,0,8.99,400
2026-03-19 09:15:01.360,20260319,91501360,000009.SZ,194466,2,0,9.23,1000
2026-03-19 09:15:01.360,20260319,91501360,000009.SZ,194467,2,0,9.33,1000
2026-03-19 09:15:01.360,20260319,91501360,000009.SZ,194468,2,0,9.38,1000
2026-03-19 09:15:01.390,20260319,91501390,000009.SZ,195696,2,0,9.9,500
2026-03-19 09:15:01.390,20260319,91501390,000009.SZ,195697,2,0,9.8,400
2026-03-19 09:15:01.400,20260319,91501400,000009.SZ,196191,2,0,9.97,2600
2026-03-19 09:15:01.430,20260319,91501430,000009.SZ,197206,2,0,9.68,12000
2026-03-19 09:15:01.430,20260319,91501430,000009.SZ,197207,1,0,8.81,10000
2026-03-19 09:15:01.430,20260319,91501430,000009.SZ,197295,2,0,9.65,4000
2026-03-19 09:15:01.430,20260319,91501430,000009.SZ,197538,1,0,8.8,800
2026-03-19 09:15:01.460,20260319,91501460,000009.SZ,198732,1,0,8.9,500
2026-03-19 09:15:01.470,20260319,91501470,000009.SZ,199042,2,0,9.52,3000
2026-03-19 09:15:01.470,20260319,91501470,000009.SZ,199051,1,0,8.86,2000
2026-03-19 09:15:01.480,20260319,91501480,000009.SZ,199694,1,0,8.96,1000
2026-03-19 09:15:01.490,20260319,91501490,000009.SZ,199824,1,0,8.81,300
2026-03-19 09:15:01.490,20260319,91501490,000009.SZ,199982,1,0,8.8,1600
2026-03-19 09:15:01.490,20260319,91501490,000009.SZ,199992,2,0,9.75,1500
2026-03-19 09:15:01.510,20260319,91501510,000009.SZ,200349,2,0,9.5,400
2026-03-19 09:15:01.510,20260319,91501510,000009.SZ,200430,1,0,8.16,200
2026-03-19 09:15:01.510,20260319,91501510,000009.SZ,200499,2,0,9.97,210800
2026-03-19 09:15:01.540,20260319,91501540,000009.SZ,201908,2,0,9.6,700
2026-03-19 09:15:01.560,20260319,91501560,000009.SZ,202753,1,0,8.88,500
2026-03-19 09:15:01.590,20260319,91501590,000009.SZ,204300,2,0,9.28,1900
2026-03-19 09:15:01.680,20260319,91501680,000009.SZ,208236,2,0,9.18,3300
2026-03-19 09:15:01.690,20260319,91501690,000009.SZ,208646,2,0,9.9,6400
2026-03-19 09:15:01.710,20260319,91501710,000009.SZ,210167,1,0,8.17,100
2026-03-19 09:15:01.710,20260319,91501710,000009.SZ,210213,1,0,8.85,300
2026-03-19 09:15:01.720,20260319,91501720,000009.SZ,210523,1,0,8.6,500
2026-03-19 09:15:01.720,20260319,91501720,000009.SZ,210657,2,0,9.95,500
2026-03-19 09:15:01.720,20260319,91501720,000009.SZ,210851,1,0,8.9,500
2026-03-19 09:15:01.720,20260319,91501720,000009.SZ,211166,2,0,9.86,500
2026-03-19 09:15:01.730,20260319,91501730,000009.SZ,211445,2,0,9.45,2000
2026-03-19 09:15:01.760,20260319,91501760,000009.SZ,213473,2,0,9.97,1800
2026-03-19 09:15:01.770,20260319,91501770,000009.SZ,214763,1,0,8.69,1200
2026-03-19 09:15:01.780,20260319,91501780,000009.SZ,215107,2,0,9.9,300
2026-03-19 09:15:01.780,20260319,91501780,000009.SZ,215514,2,0,9.2,2000
2026-03-19 09:15:01.780,20260319,91501780,000009.SZ,215515,1,0,8.7,1100
2026-03-19 09:15:01.780,20260319,91501780,000009.SZ,215670,1,0,8.21,100
2026-03-19 09:15:01.790,20260319,91501790,000009.SZ,216427,2,0,9.85,2600
2026-03-19 09:15:01.790,20260319,91501790,000009.SZ,216809,2,0,9.97,600
2026-03-19 09:15:01.790,20260319,91501790,000009.SZ,216810,2,0,9.73,600
2026-03-19 09:15:01.790,20260319,91501790,000009.SZ,216811,2,0,9.5,600
2026-03-19 09:15:01.790,20260319,91501790,000009.SZ,216822,2,0,9.3,600
2026-03-19 09:15:01.790,20260319,91501790,000009.SZ,216960,2,0,9.23,3000
2026-03-19 09:15:01.800,20260319,91501800,000009.SZ,217164,2,0,9.68,500
2026-03-19 09:15:01.810,20260319,91501810,000009.SZ,217721,2,0,9.46,800
2026-03-19 09:15:01.820,20260319,91501820,000009.SZ,218414,2,0,9.83,1100
2026-03-19 09:15:01.820,20260319,91501820,000009.SZ,218603,1,0,8.64,100
2026-03-19 09:15:01.820,20260319,91501820,000009.SZ,218916,1,0,8.9,1000
2026-03-19 09:15:01.830,20260319,91501830,000009.SZ,219575,2,0,9.45,1000
2026-03-19 09:15:01.890,20260319,91501890,000009.SZ,221689,2,0,9.47,106
2026-03-19 09:15:01.890,20260319,91501890,000009.SZ,221735,2,0,9.97,300
2026-03-19 09:15:01.910,20260319,91501910,000009.SZ,222564,1,0,8.9,7000
2026-03-19 09:15:01.910,20260319,91501910,000009.SZ,222599,2,0,9.39,1700
2026-03-19 09:15:01.910,20260319,91501910,000009.SZ,222600,2,0,9.52,1600
2026-03-19 09:15:01.910,20260319,91501910,000009.SZ,222601,2,0,9.64,1600
2026-03-19 09:15:01.910,20260319,91501910,000009.SZ,222602,2,0,9.75,1600
2026-03-19 09:15:01.910,20260319,91501910,000009.SZ,222603,2,0,9.85,1600
2026-03-19 09:15:01.910,20260319,91501910,000009.SZ,222604,2,0,9.94,1600
2026-03-19 09:15:01.910,20260319,91501910,000009.SZ,222605,2,0,9.97,1500
2026-03-19 09:15:01.910,20260319,91501910,000009.SZ,222606,1,0,8.81,3300
2026-03-19 09:15:01.940,20260319,91501940,000009.SZ,223835,2,0,9.56,8000
2026-03-19 09:15:01.940,20260319,91501940,000009.SZ,224148,2,0,9.74,200
2026-03-19 09:15:01.960,20260319,91501960,000009.SZ,225489,2,0,9.5,1000
2026-03-19 09:15:01.970,20260319,91501970,000009.SZ,225973,2,0,9.96,600
2026-03-19 09:15:01.970,20260319,91501970,000009.SZ,226058,2,0,9.4,1500
2026-03-19 09:15:01.980,20260319,91501980,000009.SZ,226659,2,0,9.2,3000
2026-03-19 09:15:01.990,20260319,91501990,000009.SZ,226854,2,0,9.9,800
2026-03-19 09:15:02.000,20260319,91502000,000009.SZ,227968,1,0,8.68,200
2026-03-19 09:15:02.060,20260319,91502060,000009.SZ,230892,1,0,8.3,2000
2026-03-19 09:15:02.060,20260319,91502060,000009.SZ,230935,2,0,9.89,2000
2026-03-19 09:15:02.070,20260319,91502070,000009.SZ,231061,2,0,9.19,2200
2026-03-19 09:15:02.070,20260319,91502070,000009.SZ,231063,2,0,9.34,2200
2026-03-19 09:15:02.070,20260319,91502070,000009.SZ,231064,2,0,9.66,4100
2026-03-19 09:15:02.080,20260319,91502080,000009.SZ,232051,1,0,8.5,1000
2026-03-19 09:15:02.080,20260319,91502080,000009.SZ,232076,2,0,9.39,900
2026-03-19 09:15:02.090,20260319,91502090,000009.SZ,232942,2,0,9.58,1000
2026-03-19 09:15:02.110,20260319,91502110,000009.SZ,233697,2,0,9.25,1200
2026-03-19 09:15:02.120,20260319,91502120,000009.SZ,234581,1,0,8.88,600
2026-03-19 09:15:02.150,20260319,91502150,000009.SZ,235710,2,0,9.06,100
2026-03-19 09:15:02.190,20260319,91502190,000009.SZ,237950,2,0,9.32,5800
2026-03-19 09:15:02.190,20260319,91502190,000009.SZ,237966,2,0,9.66,5300
2026-03-19 09:15:02.190,20260319,91502190,000009.SZ,237969,1,0,8.97,300
2026-03-19 09:15:02.230,20260319,91502230,000009.SZ,239867,2,0,9.39,100
2026-03-19 09:15:02.230,20260319,91502230,000009.SZ,239869,2,0,9.66,100
2026-03-19 09:15:02.240,20260319,91502240,000009.SZ,239883,2,0,9.29,1100
2026-03-19 09:15:02.240,20260319,91502240,000009.SZ,239885,2,0,9.39,1100
2026-03-19 09:15:02.240,20260319,91502240,000009.SZ,240139,2,0,9.25,1000
2026-03-19 09:15:02.240,20260319,91502240,000009.SZ,240140,1,0,8.75,1000
2026-03-19 09:15:02.270,20260319,91502270,000009.SZ,241318,2,0,9.32,100
2026-03-19 09:15:02.270,20260319,91502270,000009.SZ,241319,2,0,9.42,100
2026-03-19 09:15:02.280,20260319,91502280,000009.SZ,241648,1,0,9.01,100
2026-03-19 09:15:02.300,20260319,91502300,000009.SZ,242260,2,0,9.61,300
2026-03-19 09:15:02.320,20260319,91502320,000009.SZ,243083,1,0,8.9,100
2026-03-19 09:15:02.320,20260319,91502320,000009.SZ,243261,2,0,9.97,10000
2026-03-19 09:15:02.330,20260319,91502330,000009.SZ,243642,1,0,8.97,1500
2026-03-19 09:15:02.340,20260319,91502340,000009.SZ,243944,1,0,8.91,3000
2026-03-19 09:15:02.340,20260319,91502340,000009.SZ,243946,1,0,8.82,3000
2026-03-19 09:15:02.400,20260319,91502400,000009.SZ,245421,2,0,9.97,2000
2026-03-19 09:15:02.400,20260319,91502400,000009.SZ,245504,1,0,8.87,9000
2026-03-19 09:15:02.410,20260319,91502410,000009.SZ,245760,1,0,8.87,9000
2026-03-19 09:15:02.410,20260319,91502410,000009.SZ,245798,2,0,9.27,2000
2026-03-19 09:15:02.410,20260319,91502410,000009.SZ,245897,1,0,8.87,10700
2026-03-19 09:15:02.420,20260319,91502420,000009.SZ,246164,1,0,8.85,2000
2026-03-19 09:15:02.440,20260319,91502440,000009.SZ,246731,2,0,9.96,2200
2026-03-19 09:15:02.470,20260319,91502470,000009.SZ,247630,2,0,9.4,100
2026-03-19 09:15:02.520,20260319,91502520,000009.SZ,248608,2,0,9.3,200
2026-03-19 09:15:02.570,20260319,91502570,000009.SZ,249540,2,0,9.32,1000
2026-03-19 09:15:02.580,20260319,91502580,000009.SZ,249671,1,0,9.01,2200
2026-03-19 09:15:02.600,20260319,91502600,000009.SZ,250218,2,0,9.21,10000
2026-03-19 09:15:02.630,20260319,91502630,000009.SZ,250774,2,0,9.97,3000
2026-03-19 09:15:02.650,20260319,91502650,000009.SZ,251173,1,0,8.8,500
2026-03-19 09:15:02.650,20260319,91502650,000009.SZ,251391,2,0,9.24,100
2026-03-19 09:15:02.660,20260319,91502660,000009.SZ,251569,1,0,8.9,1000
2026-03-19 09:15:02.680,20260319,91502680,000009.SZ,252103,2,0,9.58,900
2026-03-19 09:15:02.700,20260319,91502700,000009.SZ,252700,2,0,9.97,2300
2026-03-19 09:15:02.710,20260319,91502710,000009.SZ,253208,1,0,8.87,20000
2026-03-19 09:15:02.740,20260319,91502740,000009.SZ,254692,2,0,9.58,2500
2026-03-19 09:15:02.740,20260319,91502740,000009.SZ,254954,1,0,8.93,1700
2026-03-19 09:15:02.750,20260319,91502750,000009.SZ,255556,2,0,9.45,1800
2026-03-19 09:15:02.770,20260319,91502770,000009.SZ,256628,2,0,9.5,2000
2026-03-19 09:15:02.790,20260319,91502790,000009.SZ,257509,1,0,8.6,500
2026-03-19 09:15:02.800,20260319,91502800,000009.SZ,257985,2,0,9.8,1000
2026-03-19 09:15:02.820,20260319,91502820,000009.SZ,259011,2,0,9.96,100
2026-03-19 09:15:02.830,20260319,91502830,000009.SZ,259181,2,0,9.35,1500
2026-03-19 09:15:02.840,20260319,91502840,000009.SZ,259751,1,0,8.8,200
2026-03-19 09:15:02.860,20260319,91502860,000009.SZ,260120,2,0,9.96,5700
2026-03-19 09:15:02.900,20260319,91502900,000009.SZ,261225,1,0,8.16,100
2026-03-19 09:15:02.910,20260319,91502910,000009.SZ,261374,2,0,9.5,800
2026-03-19 09:15:02.910,20260319,91502910,000009.SZ,261453,2,0,9.17,300
2026-03-19 09:15:02.920,20260319,91502920,000009.SZ,261656,1,0,9.02,100
2026-03-19 09:15:02.920,20260319,91502920,000009.SZ,261657,1,0,8.98,100
2026-03-19 09:15:02.920,20260319,91502920,000009.SZ,261658,1,0,8.94,100
2026-03-19 09:15:02.920,20260319,91502920,000009.SZ,261659,1,0,8.9,100
2026-03-19 09:15:02.960,20260319,91502960,000009.SZ,262987,1,0,8.88,2300
2026-03-19 09:15:02.970,20260319,91502970,000009.SZ,263501,1,0,8.8,100
2026-03-19 09:15:02.980,20260319,91502980,000009.SZ,263852,1,0,8.99,200
2026-03-19 09:15:02.980,20260319,91502980,000009.SZ,263950,2,0,9.95,1000
2026-03-19 09:15:03.040,20260319,91503040,000009.SZ,266044,1,0,9.0,100
2026-03-19 09:15:03.040,20260319,91503040,000009.SZ,266047,2,0,9.5,100
2026-03-19 09:15:03.040,20260319,91503040,000009.SZ,266051,2,0,9.75,100
2026-03-19 09:15:03.050,20260319,91503050,000009.SZ,266345,2,0,9.05,100
2026-03-19 09:15:03.060,20260319,91503060,000009.SZ,266575,2,0,9.06,100
2026-03-19 09:15:03.180,20260319,91503180,000009.SZ,269172,2,0,9.97,100
2026-03-19 09:15:03.260,20260319,91503260,000009.SZ,270891,2,0,9.21,3532
2026-03-19 09:15:03.330,20260319,91503330,000009.SZ,271927,2,0,9.48,1100
2026-03-19 09:15:03.360,20260319,91503360,000009.SZ,272297,1,0,8.8,600
2026-03-19 09:15:03.400,20260319,91503400,000009.SZ,272643,2,0,9.94,1600
2026-03-19 09:15:03.410,20260319,91503410,000009.SZ,272862,2,0,9.68,1000
2026-03-19 09:15:03.420,20260319,91503420,000009.SZ,272903,2,0,9.77,1000
2026-03-19 09:15:03.420,20260319,91503420,000009.SZ,272911,2,0,9.96,1000
2026-03-19 09:15:03.430,20260319,91503430,000009.SZ,273024,2,0,9.22,1000
2026-03-19 09:15:03.460,20260319,91503460,000009.SZ,273269,2,0,9.46,4000
2026-03-19 09:15:03.500,20260319,91503500,000009.SZ,273648,1,0,8.88,100
2026-03-19 09:15:03.600,20260319,91503600,000009.SZ,274651,1,0,8.15,1000
2026-03-19 09:15:03.600,20260319,91503600,000009.SZ,274737,1,0,9.06,900
2026-03-19 09:15:03.640,20260319,91503640,000009.SZ,275273,1,0,9.0,1000
2026-03-19 09:15:03.650,20260319,91503650,000009.SZ,275450,2,0,9.35,2000
2026-03-19 09:15:03.650,20260319,91503650,000009.SZ,275461,2,0,9.96,200
2026-03-19 09:15:03.650,20260319,91503650,000009.SZ,275467,2,0,9.75,2000
2026-03-19 09:15:03.670,20260319,91503670,000009.SZ,275787,2,0,9.59,100
2026-03-19 09:15:03.700,20260319,91503700,000009.SZ,276678,2,0,9.96,2000
2026-03-19 09:15:03.710,20260319,91503710,000009.SZ,276746,2,0,9.62,2000
2026-03-19 09:15:03.710,20260319,91503710,000009.SZ,276885,1,0,8.89,3000
2026-03-19 09:15:03.710,20260319,91503710,000009.SZ,276890,2,0,9.33,500
2026-03-19 09:15:03.710,20260319,91503710,000009.SZ,276891,2,0,9.95,1000
2026-03-19 09:15:03.710,20260319,91503710,000009.SZ,276894,1,0,8.81,400
2026-03-19 09:15:03.730,20260319,91503730,000009.SZ,277514,2,0,9.6,200
2026-03-19 09:15:03.730,20260319,91503730,000009.SZ,277640,2,0,9.97,2300
2026-03-19 09:15:03.740,20260319,91503740,000009.SZ,278000,2,0,8.8,4800
2026-03-19 09:15:03.740,20260319,91503740,000009.SZ,278118,2,0,9.97,300
2026-03-19 09:15:03.750,20260319,91503750,000009.SZ,278405,2,0,9.93,6900
2026-03-19 09:15:03.750,20260319,91503750,000009.SZ,278469,2,0,9.97,14800
2026-03-19 09:15:03.750,20260319,91503750,000009.SZ,278480,1,0,8.91,200
2026-03-19 09:15:03.750,20260319,91503750,000009.SZ,278573,1,0,8.87,1900
2026-03-19 09:15:03.750,20260319,91503750,000009.SZ,278646,2,0,9.23,700
2026-03-19 09:15:03.760,20260319,91503760,000009.SZ,278878,2,0,9.09,900
2026-03-19 09:15:03.770,20260319,91503770,000009.SZ,279164,1,0,8.87,1000
2026-03-19 09:15:03.770,20260319,91503770,000009.SZ,279478,2,0,9.07,400
2026-03-19 09:15:03.780,20260319,91503780,000009.SZ,279624,2,0,9.97,4400
2026-03-19 09:15:03.780,20260319,91503780,000009.SZ,279626,2,0,9.81,4500
2026-03-19 09:15:03.780,20260319,91503780,000009.SZ,279680,2,0,9.97,4900
2026-03-19 09:15:03.780,20260319,91503780,000009.SZ,279971,1,0,8.5,300
2026-03-19 09:15:03.790,20260319,91503790,000009.SZ,280236,1,0,8.16,100
2026-03-19 09:15:03.790,20260319,91503790,000009.SZ,280237,2,0,9.96,200
2026-03-19 09:15:03.800,20260319,91503800,000009.SZ,280675,2,0,9.91,4900
2026-03-19 09:15:03.810,20260319,91503810,000009.SZ,281088,2,0,9.13,1000
2026-03-19 09:15:03.830,20260319,91503830,000009.SZ,281519,2,0,9.36,500
2026-03-19 09:15:03.830,20260319,91503830,000009.SZ,281563,2,0,9.8,600
2026-03-19 09:15:03.900,20260319,91503900,000009.SZ,282714,2,0,9.88,100
2026-03-19 09:15:03.950,20260319,91503950,000009.SZ,283547,2,0,9.68,400
2026-03-19 09:15:03.950,20260319,91503950,000009.SZ,283588,2,0,9.95,500
2026-03-19 09:15:03.960,20260319,91503960,000009.SZ,283863,2,0,9.96,1600
2026-03-19 09:15:03.960,20260319,91503960,000009.SZ,283867,2,0,9.97,2600
2026-03-19 09:15:03.980,20260319,91503980,000009.SZ,284358,1,0,8.8,100
2026-03-19 09:15:04.010,20260319,91504010,000009.SZ,285053,2,0,9.3,500
2026-03-19 09:15:04.060,20260319,91504060,000009.SZ,285787,2,0,9.97,100
2026-03-19 09:15:04.100,20260319,91504100,000009.SZ,286542,1,0,8.85,400
2026-03-19 09:15:04.330,20260319,91504330,000009.SZ,288923,1,0,8.82,2000
2026-03-19 09:15:04.330,20260319,91504330,000009.SZ,288924,2,0,9.55,2000
2026-03-19 09:15:04.340,20260319,91504340,000009.SZ,289022,2,0,9.97,1100
2026-03-19 09:15:04.410,20260319,91504410,000009.SZ,289476,2,0,9.86,1000
2026-03-19 09:15:04.480,20260319,91504480,000009.SZ,289824,1,0,8.28,3000
2026-03-19 09:15:04.480,20260319,91504480,000009.SZ,289884,1,0,9.0,200
2026-03-19 09:15:04.650,20260319,91504650,000009.SZ,290588,1,0,8.9,700
2026-03-19 09:15:04.720,20260319,91504720,000009.SZ,291279,2,0,8.15,1100
2026-03-19 09:15:04.760,20260319,91504760,000009.SZ,292238,2,0,9.28,1100
2026-03-19 09:15:04.760,20260319,91504760,000009.SZ,292239,2,0,9.39,1100
2026-03-19 09:15:04.800,20260319,91504800,000009.SZ,293144,1,0,8.51,400
2026-03-19 09:15:04.830,20260319,91504830,000009.SZ,293873,2,0,9.97,1000
2026-03-19 09:15:04.830,20260319,91504830,000009.SZ,293898,1,0,8.38,500
2026-03-19 09:15:04.840,20260319,91504840,000009.SZ,294196,1,0,9.0,300
2026-03-19 09:15:04.900,20260319,91504900,000009.SZ,294602,1,0,8.81,1400
2026-03-19 09:15:04.920,20260319,91504920,000009.SZ,294852,1,0,8.59,200
2026-03-19 09:15:04.930,20260319,91504930,000009.SZ,295053,1,0,8.88,1000
2026-03-19 09:15:04.990,20260319,91504990,000009.SZ,295646,1,0,8.81,1500
2026-03-19 09:15:04.990,20260319,91504990,000009.SZ,295649,2,0,9.49,1400
2026-03-19 09:15:05.100,20260319,91505100,000009.SZ,296549,2,0,9.97,5000
2026-03-19 09:15:05.100,20260319,91505100,000009.SZ,296550,2,0,9.97,12200
2026-03-19 09:15:05.100,20260319,91505100,000009.SZ,296555,2,0,9.21,1900
2026-03-19 09:15:05.140,20260319,91505140,000009.SZ,296675,2,0,9.86,6000
2026-03-19 09:15:05.200,20260319,91505200,000009.SZ,296995,1,0,8.88,100
2026-03-19 09:15:05.210,20260319,91505210,000009.SZ,297018,1,0,8.82,200
2026-03-19 09:15:05.410,20260319,91505410,000009.SZ,298086,2,0,9.31,100
2026-03-19 09:15:05.560,20260319,91505560,000009.SZ,298529,2,0,9.86,3000
2026-03-19 09:15:05.690,20260319,91505690,000009.SZ,299012,1,0,8.87,100
2026-03-19 09:15:05.750,20260319,91505750,000009.SZ,299273,1,0,8.93,39300
2026-03-19 09:15:05.760,20260319,91505760,000009.SZ,299482,2,0,9.96,400
2026-03-19 09:15:05.770,20260319,91505770,000009.SZ,299634,2,0,9.25,1000
2026-03-19 09:15:05.800,20260319,91505800,000009.SZ,300527,2,0,9.97,1000
2026-03-19 09:15:05.820,20260319,91505820,000009.SZ,300829,2,0,9.5,500
2026-03-19 09:15:05.840,20260319,91505840,000009.SZ,301168,2,0,9.29,100
2026-03-19 09:15:05.880,20260319,91505880,000009.SZ,301572,2,0,9.9,1000
2026-03-19 09:15:05.890,20260319,91505890,000009.SZ,301625,2,0,9.97,500
2026-03-19 09:15:05.890,20260319,91505890,000009.SZ,301637,1,0,8.9,100
2026-03-19 09:15:06.020,20260319,91506020,000009.SZ,302223,1,0,8.3,5000
2026-03-19 09:15:06.020,20260319,91506020,000009.SZ,302224,1,0,8.41,5000
2026-03-19 09:15:06.020,20260319,91506020,000009.SZ,302225,1,0,8.51,5000
2026-03-19 09:15:06.220,20260319,91506220,000009.SZ,303059,1,0,8.96,1200
2026-03-19 09:15:06.220,20260319,91506220,000009.SZ,303060,1,0,8.78,1200
2026-03-19 09:15:06.220,20260319,91506220,000009.SZ,303061,1,0,8.68,1200
2026-03-19 09:15:06.230,20260319,91506230,000009.SZ,303169,1,0,8.88,1200
2026-03-19 09:15:06.540,20260319,91506540,000009.SZ,304048,2,0,9.97,400
2026-03-19 09:15:06.830,20260319,91506830,000009.SZ,305176,1,0,8.15,1000
2026-03-19 09:15:06.840,20260319,91506840,000009.SZ,305287,1,0,8.7,400
2026-03-19 09:15:07.020,20260319,91507020,000009.SZ,306026,1,0,8.91,1500
2026-03-19 09:15:07.030,20260319,91507030,000009.SZ,306106,2,0,9.59,1400
2026-03-19 09:15:07.200,20260319,91507200,000009.SZ,306709,1,0,8.91,1500
2026-03-19 09:15:07.200,20260319,91507200,000009.SZ,306723,2,0,9.17,1000
2026-03-19 09:15:07.200,20260319,91507200,000009.SZ,306731,2,0,9.27,1000
2026-03-19 09:15:07.200,20260319,91507200,000009.SZ,306741,1,0,8.81,1500
2026-03-19 09:15:07.990,20260319,91507990,000009.SZ,308158,1,0,8.8,2000
2026-03-19 09:15:08.820,20260319,91508820,000009.SZ,309177,2,0,9.97,3000
2026-03-19 09:15:12.160,20260319,91512160,000009.SZ,310417,2,0,9.11,200
2026-03-19 09:15:12.160,20260319,91512160,000009.SZ,310419,1,0,8.97,200
2026-03-19 09:15:12.350,20260319,91512350,000009.SZ,310451,2,0,8.15,21200
2026-03-19 09:15:18.400,20260319,91518400,000009.SZ,311495,1,0,8.5,100
2026-03-19 09:15:19.650,20260319,91519650,000009.SZ,311805,1,0,9.06,700
2026-03-19 09:15:27.600,20260319,91527600,000009.SZ,313479,2,0,9.2,1000
2026-03-19 09:15:28.350,20260319,91528350,000009.SZ,313657,2,0,9.17,100
2026-03-19 09:15:28.350,20260319,91528350,000009.SZ,313658,1,0,8.97,100
2026-03-19 09:15:38.130,20260319,91538130,000009.SZ,316230,2,0,9.7,100
2026-03-19 09:15:38.130,20260319,91538130,000009.SZ,316231,1,0,8.9,100
2026-03-19 09:15:49.380,20260319,91549380,000009.SZ,319239,2,0,9.29,200
2026-03-19 09:15:51.370,20260319,91551370,000009.SZ,319761,2,0,9.1,400
2026-03-19 09:15:51.380,20260319,91551380,000009.SZ,319766,1,0,8.88,400
2026-03-19 09:15:51.830,20260319,91551830,000009.SZ,319895,1,0,8.16,1100
2026-03-19 09:15:55.180,20260319,91555180,000009.SZ,320864,1,0,8.73,1000
2026-03-19 09:15:55.180,20260319,91555180,000009.SZ,320865,2,0,9.38,1000
2026-03-19 09:15:55.830,20260319,91555830,000009.SZ,321044,2,0,9.97,2800
2026-03-19 09:15:58.020,20260319,91558020,000009.SZ,321645,2,0,9.27,1000
2026-03-19 09:16:02.080,20260319,91602080,000009.SZ,322842,2,0,9.06,1000
2026-03-19 09:16:02.950,20260319,91602950,000009.SZ,323099,1,0,8.9,1000
2026-03-19 09:16:04.140,20260319,91604140,000009.SZ,323513,1,0,8.2,300
2026-03-19 09:16:04.510,20260319,91604510,000009.SZ,323689,2,0,9.1,100
2026-03-19 09:16:08.050,20260319,91608050,000009.SZ,324717,2,0,9.97,2000
2026-03-19 09:16:09.190,20260319,91609190,000009.SZ,325053,1,0,8.9,300
2026-03-19 09:16:10.480,20260319,91610480,000009.SZ,325410,2,0,9.15,100
2026-03-19 09:16:14.830,20260319,91614830,000009.SZ,326687,2,0,9.51,500
2026-03-19 09:16:16.550,20260319,91616550,000009.SZ,327282,2,0,9.2,100
2026-03-19 09:16:16.920,20260319,91616920,000009.SZ,327390,1,0,8.91,2800
2026-03-19 09:16:17.530,20260319,91617530,000009.SZ,327559,2,0,9.97,1000
2026-03-19 09:16:22.790,20260319,91622790,000009.SZ,329057,2,0,9.25,100
2026-03-19 09:16:23.630,20260319,91623630,000009.SZ,329302,1,0,8.9,17400
2026-03-19 09:16:28.850,20260319,91628850,000009.SZ,330778,2,0,9.3,100
2026-03-19 09:16:33.220,20260319,91633220,000009.SZ,332122,2,0,9.97,2000
2026-03-19 09:16:34.940,20260319,91634940,000009.SZ,332637,1,0,9.0,100
2026-03-19 09:16:41.010,20260319,91641010,000009.SZ,334485,1,0,8.96,100
2026-03-19 09:16:41.040,20260319,91641040,000009.SZ,334495,2,0,9.96,100
2026-03-19 09:16:43.040,20260319,91643040,000009.SZ,335081,1,0,8.83,2000
2026-03-19 09:16:44.620,20260319,91644620,000009.SZ,335579,2,0,9.28,2000
2026-03-19 09:16:47.120,20260319,91647120,000009.SZ,336364,1,0,8.92,100
2026-03-19 09:16:47.540,20260319,91647540,000009.SZ,336494,2,0,9.69,1000
2026-03-19 09:16:52.560,20260319,91652560,000009.SZ,338004,2,0,9.26,600
2026-03-19 09:16:54.970,20260319,91654970,000009.SZ,338725,2,0,9.15,1000
2026-03-19 09:17:01.020,20260319,91701020,000009.SZ,340693,1,0,9.1,20000
2026-03-19 09:17:06.980,20260319,91706980,000009.SZ,342621,1,0,8.9,1000
2026-03-19 09:17:11.110,20260319,91711110,000009.SZ,343954,2,0,9.96,500
2026-03-19 09:17:11.180,20260319,91711180,000009.SZ,343985,1,0,8.71,5800
2026-03-19 09:17:12.030,20260319,91712030,000009.SZ,344243,2,0,9.29,6300
2026-03-19 09:17:12.160,20260319,91712160,000009.SZ,344288,2,0,9.95,500
2026-03-19 09:17:18.510,20260319,91718510,000009.SZ,346381,2,0,9.21,1800
2026-03-19 09:17:23.090,20260319,91723090,000009.SZ,347922,2,0,9.23,5500
2026-03-19 09:17:27.480,20260319,91727480,000009.SZ,349401,1,0,8.92,200
2026-03-19 09:17:29.310,20260319,91729310,000009.SZ,350033,1,0,9.97,300
2026-03-19 09:17:30.960,20260319,91730960,000009.SZ,350666,2,0,9.25,1100
2026-03-19 09:17:31.390,20260319,91731390,000009.SZ,350832,2,0,9.43,5500
2026-03-19 09:17:36.150,20260319,91736150,000009.SZ,352453,2,0,9.2,1000
2026-03-19 09:17:36.240,20260319,91736240,000009.SZ,352486,2,0,9.25,900
2026-03-19 09:17:37.830,20260319,91737830,000009.SZ,353037,2,0,9.66,900
2026-03-19 09:17:41.410,20260319,91741410,000009.SZ,354327,2,0,9.06,1500
2026-03-19 09:17:42.350,20260319,91742350,000009.SZ,354682,2,0,9.55,300
2026-03-19 09:17:42.600,20260319,91742600,000009.SZ,354772,2,0,9.8,400
2026-03-19 09:17:52.100,20260319,91752100,000009.SZ,358106,1,0,9.97,200
2026-03-19 09:17:53.410,20260319,91753410,000009.SZ,358586,2,0,9.71,2000
2026-03-19 09:17:57.140,20260319,91757140,000009.SZ,360008,1,0,8.88,5000
2026-03-19 09:17:58.290,20260319,91758290,000009.SZ,360422,2,0,9.2,500
2026-03-19 09:18:03.440,20260319,91803440,000009.SZ,362352,1,0,8.9,20000
2026-03-19 09:18:04.690,20260319,91804690,000009.SZ,362811,2,0,9.97,10000
2026-03-19 09:18:06.100,20260319,91806100,000009.SZ,363342,2,0,9.49,500
2026-03-19 09:18:08.300,20260319,91808300,000009.SZ,364181,1,0,8.99,3000
2026-03-19 09:18:08.780,20260319,91808780,000009.SZ,364370,1,0,8.85,1100
2026-03-19 09:18:09.960,20260319,91809960,000009.SZ,364793,1,0,9.06,500
2026-03-19 09:18:10.450,20260319,91810450,000009.SZ,364966,1,0,9.97,15600
2026-03-19 09:18:10.820,20260319,91810820,000009.SZ,365101,2,0,9.96,300
2026-03-19 09:18:11.510,20260319,91811510,000009.SZ,365388,2,0,9.25,1200
2026-03-19 09:18:14.690,20260319,91814690,000009.SZ,366609,2,0,9.56,3200
2026-03-19 09:18:20.480,20260319,91820480,000009.SZ,368902,1,0,9.18,100
2026-03-19 09:18:21.970,20260319,91821970,000009.SZ,369460,1,0,8.78,20000
2026-03-19 09:18:27.970,20260319,91827970,000009.SZ,371782,2,0,9.96,1000
2026-03-19 09:18:29.410,20260319,91829410,000009.SZ,372336,2,0,9.97,600
2026-03-19 09:18:30.060,20260319,91830060,000009.SZ,372616,1,0,9.06,2000
2026-03-19 09:18:30.990,20260319,91830990,000009.SZ,373049,2,0,9.4,2300
2026-03-19 09:18:32.210,20260319,91832210,000009.SZ,373533,2,0,9.3,6000
2026-03-19 09:18:38.390,20260319,91838390,000009.SZ,375932,2,0,9.48,2000
2026-03-19 09:18:38.810,20260319,91838810,000009.SZ,376106,1,0,8.81,5000
2026-03-19 09:18:43.170,20260319,91843170,000009.SZ,377746,1,0,9.06,800
2026-03-19 09:18:45.980,20260319,91845980,000009.SZ,378825,2,0,9.97,12000
2026-03-19 09:18:50.280,20260319,91850280,000009.SZ,380528,1,0,8.85,1000
2026-03-19 09:18:50.880,20260319,91850880,000009.SZ,380738,2,0,9.97,2000
2026-03-19 09:18:51.700,20260319,91851700,000009.SZ,381076,2,0,9.65,500
2026-03-19 09:18:53.540,20260319,91853540,000009.SZ,381795,2,0,9.4,30000
2026-03-19 09:18:54.470,20260319,91854470,000009.SZ,382187,2,0,9.25,2000
2026-03-19 09:18:56.460,20260319,91856460,000009.SZ,382907,1,0,9.06,300
2026-03-19 09:18:58.280,20260319,91858280,000009.SZ,383648,2,0,9.13,6800
2026-03-19 09:19:01.220,20260319,91901220,000009.SZ,384821,1,0,9.06,100
2026-03-19 09:19:01.930,20260319,91901930,000009.SZ,385093,2,0,9.9,9300
2026-03-19 09:19:02.440,20260319,91902440,000009.SZ,385289,2,0,9.19,1000
2026-03-19 09:19:03.670,20260319,91903670,000009.SZ,385789,1,0,8.65,500
2026-03-19 09:19:04.210,20260319,91904210,000009.SZ,385991,2,0,9.96,7800
2026-03-19 09:19:04.320,20260319,91904320,000009.SZ,386033,2,0,9.97,4400
2026-03-19 09:19:05.020,20260319,91905020,000009.SZ,386341,2,0,9.28,300
2026-03-19 09:19:05.340,20260319,91905340,000009.SZ,386477,1,0,9.0,2000
2026-03-19 09:19:06.820,20260319,91906820,000009.SZ,387113,2,0,9.88,600
2026-03-19 09:19:09.880,20260319,91909880,000009.SZ,388329,2,0,9.32,2000
2026-03-19 09:19:16.010,20260319,91916010,000009.SZ,390804,1,0,9.01,700
2026-03-19 09:19:17.460,20260319,91917460,000009.SZ,391406,2,0,9.43,3100
2026-03-19 09:19:22.290,20260319,91922290,000009.SZ,393419,1,0,8.8,300
2026-03-19 09:19:25.050,20260319,91925050,000009.SZ,394534,2,0,9.26,1000
2026-03-19 09:19:25.770,20260319,91925770,000009.SZ,394841,1,0,8.8,2000
2026-03-19 09:19:27.120,20260319,91927120,000009.SZ,395404,2,0,9.05,10000
2026-03-19 09:19:29.580,20260319,91929580,000009.SZ,396393,2,0,9.3,1000
2026-03-19 09:19:30.820,20260319,91930820,000009.SZ,396919,2,0,8.15,1200
2026-03-19 09:19:35.930,20260319,91935930,000009.SZ,399057,2,0,9.2,1500
2026-03-19 09:19:36.120,20260319,91936120,000009.SZ,399148,2,0,9.3,500
2026-03-19 09:19:37.070,20260319,91937070,000009.SZ,399527,1,0,8.88,200
2026-03-19 09:19:37.220,20260319,91937220,000009.SZ,399609,2,0,9.71,2000
2026-03-19 09:19:41.680,20260319,91941680,000009.SZ,401477,1,0,9.0,100
2026-03-19 09:19:42.750,20260319,91942750,000009.SZ,401936,1,0,9.08,1000
2026-03-19 09:19:43.710,20260319,91943710,000009.SZ,402346,2,0,9.33,100
2026-03-19 09:19:47.920,20260319,91947920,000009.SZ,404076,2,0,9.37,3500
2026-03-19 09:19:56.780,20260319,91956780,000009.SZ,407862,1,0,8.98,500
2026-03-19 09:19:57.310,20260319,91957310,000009.SZ,408095,1,0,9.05,400
2026-03-19 09:20:00.560,20260319,92000560,000009.SZ,409505,2,0,8.15,500
2026-03-19 09:20:02.490,20260319,92002490,000009.SZ,410414,1,0,9.24,300
2026-03-19 09:20:02.700,20260319,92002700,000009.SZ,410504,2,0,9.95,400
2026-03-19 09:20:04.690,20260319,92004690,000009.SZ,411439,2,0,9.97,700
2026-03-19 09:20:06.040,20260319,92006040,000009.SZ,412041,2,0,8.88,100
2026-03-19 09:20:06.850,20260319,92006850,000009.SZ,412352,2,0,9.27,1100
2026-03-19 09:20:10.060,20260319,92010060,000009.SZ,413615,2,0,8.43,2600
2026-03-19 09:20:10.960,20260319,92010960,000009.SZ,413971,2,0,9.54,300
2026-03-19 09:20:21.050,20260319,92021050,000009.SZ,417572,1,0,8.96,100
2026-03-19 09:20:23.120,20260319,92023120,000009.SZ,418317,1,0,8.83,5000
2026-03-19 09:20:25.910,20260319,92025910,000009.SZ,419355,2,0,9.5,5900
2026-03-19 09:20:26.060,20260319,92026060,000009.SZ,419399,1,0,8.94,700
2026-03-19 09:20:26.910,20260319,92026910,000009.SZ,419729,2,0,9.97,18800
2026-03-19 09:20:31.230,20260319,92031230,000009.SZ,421383,1,0,8.9,200
2026-03-19 09:20:32.180,20260319,92032180,000009.SZ,421746,2,0,9.3,1000
2026-03-19 09:20:33.450,20260319,92033450,000009.SZ,422208,2,0,9.25,1000
2026-03-19 09:20:34.570,20260319,92034570,000009.SZ,422605,2,0,9.06,31000
2026-03-19 09:20:35.150,20260319,92035150,000009.SZ,422826,1,0,9.0,1000
2026-03-19 09:20:35.770,20260319,92035770,000009.SZ,423075,2,0,9.28,10000
2026-03-19 09:20:36.390,20260319,92036390,000009.SZ,423304,1,0,8.91,400
2026-03-19 09:20:36.450,20260319,92036450,000009.SZ,423323,2,0,9.27,3000
2026-03-19 09:20:37.650,20260319,92037650,000009.SZ,423736,1,0,9.06,50000
2026-03-19 09:20:38.560,20260319,92038560,000009.SZ,424086,2,0,9.2,600
2026-03-19 09:20:43.450,20260319,92043450,000009.SZ,425977,2,0,9.94,1000
2026-03-19 09:20:44.230,20260319,92044230,000009.SZ,426300,2,0,9.37,2500
2026-03-19 09:20:48.670,20260319,92048670,000009.SZ,428017,2,0,9.1,3200
2026-03-19 09:20:48.670,20260319,92048670,000009.SZ,428020,2,0,9.97,3000
2026-03-19 09:20:49.940,20260319,92049940,000009.SZ,428491,1,0,8.6,600
2026-03-19 09:20:50.440,20260319,92050440,000009.SZ,428678,2,0,9.19,2200
2026-03-19 09:20:53.360,20260319,92053360,000009.SZ,429790,2,0,9.06,1800
2026-03-19 09:20:56.770,20260319,92056770,000009.SZ,431123,2,0,9.27,3000
2026-03-19 09:21:00.260,20260319,92100260,000009.SZ,432581,2,0,9.14,1700
2026-03-19 09:21:00.420,20260319,92100420,000009.SZ,432696,2,0,8.15,400
2026-03-19 09:21:00.440,20260319,92100440,000009.SZ,432718,1,0,8.95,300
2026-03-19 09:21:00.540,20260319,92100540,000009.SZ,432794,2,0,8.15,1700
2026-03-19 09:21:00.540,20260319,92100540,000009.SZ,432795,2,0,8.15,700
2026-03-19 09:21:00.620,20260319,92100620,000009.SZ,432887,2,0,8.15,2800
2026-03-19 09:21:00.620,20260319,92100620,000009.SZ,432895,2,0,8.15,5100
2026-03-19 09:21:01.600,20260319,92101600,000009.SZ,433889,2,0,8.15,1300
2026-03-19 09:21:01.740,20260319,92101740,000009.SZ,434036,2,0,8.15,1300
2026-03-19 09:21:02.220,20260319,92102220,000009.SZ,434426,2,0,8.15,500
2026-03-19 09:21:03.110,20260319,92103110,000009.SZ,434940,2,0,8.15,2600
2026-03-19 09:21:03.850,20260319,92103850,000009.SZ,435333,2,0,8.15,1400
2026-03-19 09:21:03.940,20260319,92103940,000009.SZ,435375,2,0,9.12,1500
2026-03-19 09:21:08.790,20260319,92108790,000009.SZ,437304,2,0,9.1,1300
2026-03-19 09:21:08.900,20260319,92108900,000009.SZ,437354,2,0,9.3,1000
2026-03-19 09:21:09.840,20260319,92109840,000009.SZ,437726,1,0,9.0,200
2026-03-19 09:21:10.040,20260319,92110040,000009.SZ,437800,2,0,9.5,4600
2026-03-19 09:21:16.380,20260319,92116380,000009.SZ,440445,2,0,9.6,1000
2026-03-19 09:21:17.570,20260319,92117570,000009.SZ,441017,2,0,9.4,200
2026-03-19 09:21:17.590,20260319,92117590,000009.SZ,441024,2,0,9.4,2300
2026-03-19 09:21:20.130,20260319,92120130,000009.SZ,442070,2,0,9.17,1000
2026-03-19 09:21:20.650,20260319,92120650,000009.SZ,442293,1,0,8.93,1000
2026-03-19 09:21:21.420,20260319,92121420,000009.SZ,442635,2,0,9.16,2000
2026-03-19 09:21:21.790,20260319,92121790,000009.SZ,442786,2,0,9.94,1500
2026-03-19 09:21:23.800,20260319,92123800,000009.SZ,443628,2,0,9.07,1200
2026-03-19 09:21:25.440,20260319,92125440,000009.SZ,444322,2,0,9.42,600
2026-03-19 09:21:25.590,20260319,92125590,000009.SZ,444381,2,0,9.66,2400
2026-03-19 09:21:26.720,20260319,92126720,000009.SZ,444912,1,0,8.88,2000
2026-03-19 09:21:27.060,20260319,92127060,000009.SZ,445064,2,0,9.09,1300
2026-03-19 09:21:30.230,20260319,92130230,000009.SZ,446410,2,0,9.25,1000
2026-03-19 09:21:35.040,20260319,92135040,000009.SZ,448470,2,0,9.29,5800
2026-03-19 09:21:40.280,20260319,92140280,000009.SZ,450771,1,0,8.82,1000
2026-03-19 09:21:40.830,20260319,92140830,000009.SZ,450997,2,0,9.27,1800
2026-03-19 09:21:43.600,20260319,92143600,000009.SZ,452140,1,0,8.83,2000
2026-03-19 09:21:47.260,20260319,92147260,000009.SZ,453665,2,0,9.16,600
2026-03-19 09:21:47.360,20260319,92147360,000009.SZ,453706,2,0,9.55,1000
2026-03-19 09:21:48.100,20260319,92148100,000009.SZ,454020,2,0,9.19,1000
2026-03-19 09:21:48.490,20260319,92148490,000009.SZ,454198,1,0,8.98,4000
2026-03-19 09:21:49.310,20260319,92149310,000009.SZ,454592,2,0,9.4,300
2026-03-19 09:21:54.110,20260319,92154110,000009.SZ,456760,2,0,9.12,165800
2026-03-19 09:22:02.220,20260319,92202220,000009.SZ,460363,2,0,9.24,500
2026-03-19 09:22:03.840,20260319,92203840,000009.SZ,461039,2,0,9.05,3000
2026-03-19 09:22:04.040,20260319,92204040,000009.SZ,461134,2,0,9.06,1200
2026-03-19 09:22:04.070,20260319,92204070,000009.SZ,461141,2,0,9.55,200
2026-03-19 09:22:04.370,20260319,92204370,000009.SZ,461263,2,0,9.97,5000
2026-03-19 09:22:04.740,20260319,92204740,000009.SZ,461433,1,0,8.98,500
2026-03-19 09:22:06.190,20260319,92206190,000009.SZ,462100,2,0,9.05,5000
2026-03-19 09:22:07.860,20260319,92207860,000009.SZ,462876,1,0,9.0,2500
2026-03-19 09:22:08.580,20260319,92208580,000009.SZ,463209,2,0,8.15,1000
2026-03-19 09:22:09.650,20260319,92209650,000009.SZ,463738,2,0,9.06,5600
2026-03-19 09:22:09.740,20260319,92209740,000009.SZ,463778,2,0,9.11,165800
2026-03-19 09:22:09.800,20260319,92209800,000009.SZ,463809,2,0,9.02,1000
2026-03-19 09:22:14.060,20260319,92214060,000009.SZ,465767,2,0,9.2,1000
2026-03-19 09:22:15.210,20260319,92215210,000009.SZ,466359,2,0,9.36,200
2026-03-19 09:22:17.410,20260319,92217410,000009.SZ,467380,1,0,9.0,15400
2026-03-19 09:22:18.260,20260319,92218260,000009.SZ,467813,2,0,9.51,1300
2026-03-19 09:22:18.740,20260319,92218740,000009.SZ,468043,1,0,8.9,1000
2026-03-19 09:22:20.480,20260319,92220480,000009.SZ,468822,1,0,8.85,2000
2026-03-19 09:22:21.090,20260319,92221090,000009.SZ,469112,2,0,8.15,2200
2026-03-19 09:22:22.540,20260319,92222540,000009.SZ,469782,2,0,9.19,1900
2026-03-19 09:22:25.890,20260319,92225890,000009.SZ,471388,2,0,9.62,1300
2026-03-19 09:22:29.130,20260319,92229130,000009.SZ,472923,2,0,9.2,1500
2026-03-19 09:22:30.700,20260319,92230700,000009.SZ,473758,1,0,8.7,300
2026-03-19 09:22:30.770,20260319,92230770,000009.SZ,473791,2,0,9.69,1300
2026-03-19 09:22:34.460,20260319,92234460,000009.SZ,475572,2,0,9.1,1300
2026-03-19 09:22:35.200,20260319,92235200,000009.SZ,475908,2,0,9.74,1300
2026-03-19 09:22:35.900,20260319,92235900,000009.SZ,476232,1,0,9.04,100
2026-03-19 09:22:37.810,20260319,92237810,000009.SZ,477105,2,0,9.68,2300
2026-03-19 09:22:39.540,20260319,92239540,000009.SZ,477879,2,0,9.82,1300
2026-03-19 09:22:39.550,20260319,92239550,000009.SZ,477885,1,0,8.8,1000
2026-03-19 09:22:40.310,20260319,92240310,000009.SZ,478273,2,0,9.96,1000
2026-03-19 09:22:40.440,20260319,92240440,000009.SZ,478326,2,0,9.18,500
2026-03-19 09:22:42.040,20260319,92242040,000009.SZ,479122,2,0,9.05,3000
2026-03-19 09:22:42.080,20260319,92242080,000009.SZ,479140,1,0,8.95,5000
2026-03-19 09:22:43.080,20260319,92243080,000009.SZ,479655,2,0,9.85,1300
2026-03-19 09:22:45.130,20260319,92245130,000009.SZ,480692,2,0,9.05,500
2026-03-19 09:22:49.890,20260319,92249890,000009.SZ,483064,2,0,9.16,500
2026-03-19 09:22:53.230,20260319,92253230,000009.SZ,484792,2,0,9.23,3700
2026-03-19 09:22:55.600,20260319,92255600,000009.SZ,485980,2,0,9.97,3800
2026-03-19 09:22:58.910,20260319,92258910,000009.SZ,487646,2,0,9.06,300
2026-03-19 09:22:59.670,20260319,92259670,000009.SZ,488031,2,0,9.16,1000
2026-03-19 09:23:00.040,20260319,92300040,000009.SZ,488209,2,0,9.1,2500
2026-03-19 09:23:01.950,20260319,92301950,000009.SZ,489280,2,0,9.26,1000
2026-03-19 09:23:02.620,20260319,92302620,000009.SZ,489671,2,0,9.68,4500
2026-03-19 09:23:07.750,20260319,92307750,000009.SZ,492419,1,0,8.18,200
2026-03-19 09:23:09.900,20260319,92309900,000009.SZ,493614,2,0,9.04,5000
2026-03-19 09:23:11.810,20260319,92311810,000009.SZ,494698,2,0,9.97,10000
2026-03-19 09:23:12.010,20260319,92312010,000009.SZ,494828,2,0,9.88,1000
2026-03-19 09:23:14.640,20260319,92314640,000009.SZ,496250,2,0,8.98,10500
2026-03-19 09:23:15.040,20260319,92315040,000009.SZ,496456,1,0,8.58,200
2026-03-19 09:23:16.690,20260319,92316690,000009.SZ,497460,2,0,9.48,1500
2026-03-19 09:23:25.180,20260319,92325180,000009.SZ,502311,2,0,8.2,500
2026-03-19 09:23:25.880,20260319,92325880,000009.SZ,502765,2,0,9.97,5600
2026-03-19 09:23:26.790,20260319,92326790,000009.SZ,503306,1,0,8.84,1400
2026-03-19 09:23:32.920,20260319,92332920,000009.SZ,507079,2,0,9.8,2300
2026-03-19 09:23:33.040,20260319,92333040,000009.SZ,507132,2,0,9.06,500
2026-03-19 09:23:33.100,20260319,92333100,000009.SZ,507159,2,0,9.03,1000
2026-03-19 09:23:34.800,20260319,92334800,000009.SZ,508135,2,0,9.02,1000
2026-03-19 09:23:37.080,20260319,92337080,000009.SZ,509563,1,0,8.8,13200
2026-03-19 09:23:38.530,20260319,92338530,000009.SZ,510475,1,0,8.76,500
2026-03-19 09:23:39.410,20260319,92339410,000009.SZ,511006,2,0,9.05,5600
2026-03-19 09:23:39.810,20260319,92339810,000009.SZ,511254,1,0,8.9,5000
2026-03-19 09:23:43.870,20260319,92343870,000009.SZ,513753,1,0,8.83,300
2026-03-19 09:23:44.530,20260319,92344530,000009.SZ,514136,2,0,9.27,3000
2026-03-19 09:23:45.250,20260319,92345250,000009.SZ,514580,2,0,9.97,3000
2026-03-19 09:23:45.700,20260319,92345700,000009.SZ,514853,2,0,9.04,1000
2026-03-19 09:23:47.770,20260319,92347770,000009.SZ,516116,1,0,8.85,1000
2026-03-19 09:23:48.550,20260319,92348550,000009.SZ,516595,2,0,9.04,5500
2026-03-19 09:23:48.970,20260319,92348970,000009.SZ,516877,1,0,8.98,3000
2026-03-19 09:23:51.760,20260319,92351760,000009.SZ,518570,2,0,8.15,100
2026-03-19 09:23:55.140,20260319,92355140,000009.SZ,520741,1,0,8.8,1000
2026-03-19 09:23:55.320,20260319,92355320,000009.SZ,520854,2,0,9.2,1000
2026-03-19 09:23:55.780,20260319,92355780,000009.SZ,521159,1,0,8.81,1000
2026-03-19 09:23:57.530,20260319,92357530,000009.SZ,522255,1,0,9.0,500
2026-03-19 09:23:58.260,20260319,92358260,000009.SZ,522665,2,0,9.04,1800
2026-03-19 09:23:58.810,20260319,92358810,000009.SZ,522993,1,0,8.86,1000
2026-03-19 09:23:58.870,20260319,92358870,000009.SZ,523044,1,0,8.81,1300
2026-03-19 09:23:59.730,20260319,92359730,000009.SZ,523596,2,0,9.07,1200
2026-03-19 09:23:59.820,20260319,92359820,000009.SZ,523653,2,0,9.05,2200
2026-03-19 09:24:00.140,20260319,92400140,000009.SZ,524015,2,0,8.61,100
2026-03-19 09:24:00.180,20260319,92400180,000009.SZ,524070,2,0,9.07,14200
2026-03-19 09:24:00.470,20260319,92400470,000009.SZ,524286,2,0,8.98,10600
2026-03-19 09:24:00.910,20260319,92400910,000009.SZ,524580,1,0,9.06,9800
2026-03-19 09:24:02.530,20260319,92402530,000009.SZ,525739,2,0,9.3,1000
2026-03-19 09:24:02.780,20260319,92402780,000009.SZ,525908,2,0,9.04,2100
2026-03-19 09:24:03.120,20260319,92403120,000009.SZ,526146,2,0,9.15,1000
2026-03-19 09:24:03.610,20260319,92403610,000009.SZ,526512,1,0,8.15,5000
2026-03-19 09:24:03.850,20260319,92403850,000009.SZ,526692,2,0,9.23,400
2026-03-19 09:24:04.860,20260319,92404860,000009.SZ,527487,2,0,9.48,1000
2026-03-19 09:24:05.800,20260319,92405800,000009.SZ,528199,1,0,8.86,1000
2026-03-19 09:24:05.960,20260319,92405960,000009.SZ,528304,1,0,8.93,300
2026-03-19 09:24:06.050,20260319,92406050,000009.SZ,528378,2,0,9.19,3000
2026-03-19 09:24:06.450,20260319,92406450,000009.SZ,528668,2,0,9.25,1000
2026-03-19 09:24:07.310,20260319,92407310,000009.SZ,529339,2,0,9.15,500
2026-03-19 09:24:08.890,20260319,92408890,000009.SZ,530600,2,0,9.15,800
2026-03-19 09:24:09.680,20260319,92409680,000009.SZ,531252,1,0,8.48,200
2026-03-19 09:24:09.830,20260319,92409830,000009.SZ,531387,2,0,8.15,1000
2026-03-19 09:24:09.990,20260319,92409990,000009.SZ,531512,1,0,8.7,200
2026-03-19 09:24:10.090,20260319,92410090,000009.SZ,531590,2,0,9.51,2300
2026-03-19 09:24:11.350,20260319,92411350,000009.SZ,532588,1,0,8.81,300
2026-03-19 09:24:11.490,20260319,92411490,000009.SZ,532698,2,0,9.05,1000
2026-03-19 09:24:12.110,20260319,92412110,000009.SZ,533213,2,0,9.14,3400
2026-03-19 09:24:12.160,20260319,92412160,000009.SZ,533262,2,0,9.01,1100
2026-03-19 09:24:12.510,20260319,92412510,000009.SZ,533580,2,0,9.0,55400
2026-03-19 09:24:13.030,20260319,92413030,000009.SZ,534005,2,0,8.98,10600
2026-03-19 09:24:13.990,20260319,92413990,000009.SZ,534866,1,0,9.0,400
2026-03-19 09:24:14.570,20260319,92414570,000009.SZ,535391,2,0,9.25,1000
2026-03-19 09:24:14.740,20260319,92414740,000009.SZ,535575,1,0,8.88,3300
2026-03-19 09:24:14.790,20260319,92414790,000009.SZ,535613,2,0,9.01,8000
2026-03-19 09:24:15.260,20260319,92415260,000009.SZ,536031,2,0,9.0,11100
2026-03-19 09:24:16.240,20260319,92416240,000009.SZ,536896,1,0,8.8,1500
2026-03-19 09:24:16.860,20260319,92416860,000009.SZ,537439,1,0,9.05,300
2026-03-19 09:24:17.250,20260319,92417250,000009.SZ,537802,1,0,9.06,50000
2026-03-19 09:24:18.720,20260319,92418720,000009.SZ,539121,1,0,9.0,3000
2026-03-19 09:24:19.220,20260319,92419220,000009.SZ,539571,2,0,9.01,300
2026-03-19 09:24:19.660,20260319,92419660,000009.SZ,539969,1,0,8.64,1000
2026-03-19 09:24:20.570,20260319,92420570,000009.SZ,540834,2,0,8.98,10600
2026-03-19 09:24:22.060,20260319,92422060,000009.SZ,542269,1,0,8.93,400
2026-03-19 09:24:26.250,20260319,92426250,000009.SZ,546260,2,0,9.18,1700
2026-03-19 09:24:26.440,20260319,92426440,000009.SZ,546438,2,0,9.32,2000
2026-03-19 09:24:26.670,20260319,92426670,000009.SZ,546649,2,0,9.45,3878
2026-03-19 09:24:36.190,20260319,92436190,000009.SZ,556693,1,0,8.8,3000
2026-03-19 09:24:36.960,20260319,92436960,000009.SZ,557504,2,0,8.99,3000
2026-03-19 09:24:37.210,20260319,92437210,000009.SZ,557745,2,0,9.71,200
2026-03-19 09:24:39.230,20260319,92439230,000009.SZ,560113,2,0,9.18,500
2026-03-19 09:24:40.030,20260319,92440030,000009.SZ,561114,1,0,8.8,2400
2026-03-19 09:24:41.310,20260319,92441310,000009.SZ,562420,2,0,9.6,21900
2026-03-19 09:24:43.800,20260319,92443800,000009.SZ,565003,2,0,9.06,600
2026-03-19 09:24:44.290,20260319,92444290,000009.SZ,565554,1,0,8.8,400
2026-03-19 09:24:46.020,20260319,92446020,000009.SZ,567398,1,0,8.8,1000
2026-03-19 09:24:46.090,20260319,92446090,000009.SZ,567467,2,0,9.42,38300
2026-03-19 09:24:47.550,20260319,92447550,000009.SZ,569187,2,0,9.0,1000
2026-03-19 09:24:48.590,20260319,92448590,000009.SZ,570531,2,0,9.0,400
2026-03-19 09:24:49.010,20260319,92449010,000009.SZ,571131,2,0,9.1,1000
2026-03-19 09:24:49.810,20260319,92449810,000009.SZ,572455,2,0,8.98,5200
2026-03-19 09:24:49.920,20260319,92449920,000009.SZ,572659,2,0,9.66,100
2026-03-19 09:24:50.730,20260319,92450730,000009.SZ,574110,2,0,8.15,700
2026-03-19 09:24:50.750,20260319,92450750,000009.SZ,574139,2,0,8.15,400
2026-03-19 09:24:51.120,20260319,92451120,000009.SZ,574668,1,0,9.97,400
2026-03-19 09:24:51.410,20260319,92451410,000009.SZ,575051,1,0,9.0,50000
2026-03-19 09:24:51.830,20260319,92451830,000009.SZ,575697,2,0,8.89,10500
2026-03-19 09:24:51.850,20260319,92451850,000009.SZ,575739,2,0,8.87,100
2026-03-19 09:24:52.120,20260319,92452120,000009.SZ,576168,1,0,9.97,600
2026-03-19 09:24:52.890,20260319,92452890,000009.SZ,577295,1,0,9.0,2000
2026-03-19 09:24:53.650,20260319,92453650,000009.SZ,578532,1,0,9.97,600
2026-03-19 09:24:53.670,20260319,92453670,000009.SZ,578593,2,0,8.74,8400
2026-03-19 09:24:53.670,20260319,92453670,000009.SZ,578594,2,0,8.74,3500
2026-03-19 09:24:54.220,20260319,92454220,000009.SZ,579603,2,0,9.35,3200
2026-03-19 09:24:54.260,20260319,92454260,000009.SZ,579661,2,0,9.1,1000
2026-03-19 09:24:54.440,20260319,92454440,000009.SZ,580011,1,0,9.95,600
2026-03-19 09:24:54.480,20260319,92454480,000009.SZ,580089,1,0,8.15,100
2026-03-19 09:24:54.480,20260319,92454480,000009.SZ,580094,1,0,8.88,5000
2026-03-19 09:24:54.540,20260319,92454540,000009.SZ,580192,2,0,9.1,6000
2026-03-19 09:24:55.590,20260319,92455590,000009.SZ,582399,1,0,8.8,1000
2026-03-19 09:24:55.730,20260319,92455730,000009.SZ,582772,2,0,8.9,500
2026-03-19 09:24:55.800,20260319,92455800,000009.SZ,582994,2,0,8.88,100
2026-03-19 09:24:56.280,20260319,92456280,000009.SZ,584577,2,0,9.0,2100
2026-03-19 09:24:56.530,20260319,92456530,000009.SZ,585302,1,0,8.88,100
2026-03-19 09:24:56.910,20260319,92456910,000009.SZ,586449,1,0,9.97,600
2026-03-19 09:24:56.920,20260319,92456920,000009.SZ,586504,2,0,8.97,17300
2026-03-19 09:24:57.020,20260319,92457020,000009.SZ,586797,1,0,8.91,1000
2026-03-19 09:24:57.120,20260319,92457120,000009.SZ,587077,1,0,9.97,600
2026-03-19 09:24:57.180,20260319,92457180,000009.SZ,587297,1,0,9.0,100
2026-03-19 09:24:57.180,20260319,92457180,000009.SZ,587299,1,0,9.0,100
2026-03-19 09:24:57.610,20260319,92457610,000009.SZ,588677,2,0,8.97,16700
2026-03-19 09:24:58.120,20260319,92458120,000009.SZ,590604,2,0,9.06,22000
2026-03-19 09:24:58.620,20260319,92458620,000009.SZ,592925,1,0,9.97,600
2026-03-19 09:24:59.520,20260319,92459520,000009.SZ,596935,2,0,8.91,2000
2026-03-19 09:24:59.540,20260319,92459540,000009.SZ,597237,2,0,8.95,2700
2026-03-19 09:24:59.550,20260319,92459550,000009.SZ,597313,2,0,8.95,6600
2026-03-19 09:24:59.550,20260319,92459550,000009.SZ,597350,2,0,8.99,1700
2026-03-19 09:24:59.560,20260319,92459560,000009.SZ,597560,2,0,8.95,3300
2026-03-19 09:24:59.590,20260319,92459590,000009.SZ,597828,2,0,8.99,2000
2026-03-19 09:24:59.600,20260319,92459600,000009.SZ,597978,2,0,8.95,2100
2026-03-19 09:24:59.630,20260319,92459630,000009.SZ,598228,2,0,8.95,2100
2026-03-19 09:24:59.670,20260319,92459670,000009.SZ,598719,2,0,8.95,1500
2026-03-19 09:24:59.690,20260319,92459690,000009.SZ,598925,2,0,8.88,1000
2026-03-19 09:24:59.690,20260319,92459690,000009.SZ,598995,2,0,8.77,5000
2026-03-19 09:24:59.730,20260319,92459730,000009.SZ,599190,2,0,8.95,37700
2026-03-19 09:24:59.850,20260319,92459850,000009.SZ,599838,2,0,8.95,2000
2026-03-19 09:30:00.010,20260319,93000010,000009.SZ,719046,1,0,8.73,1000
2026-03-19 09:30:00.030,20260319,93000030,000009.SZ,720086,1,0,8.8,500
2026-03-19 09:30:00.030,20260319,93000030,000009.SZ,721542,2,0,8.97,100
2026-03-19 09:30:00.030,20260319,93000030,000009.SZ,722845,2,0,8.97,400
2026-03-19 09:30:00.040,20260319,93000040,000009.SZ,724477,2,0,8.97,1000
2026-03-19 09:30:00.040,20260319,93000040,000009.SZ,725104,1,0,8.88,2000
2026-03-19 09:30:00.040,20260319,93000040,000009.SZ,726557,1,0,8.91,1000
2026-03-19 09:30:00.040,20260319,93000040,000009.SZ,727550,2,0,8.97,600
2026-03-19 09:30:00.040,20260319,93000040,000009.SZ,727660,2,0,8.97,800
2026-03-19 09:30:00.040,20260319,93000040,000009.SZ,729391,1,0,9.0,200
2026-03-19 09:30:00.050,20260319,93000050,000009.SZ,732111,2,0,8.99,10000
2026-03-19 09:30:00.050,20260319,93000050,000009.SZ,733236,1,0,8.86,300
2026-03-19 09:30:00.050,20260319,93000050,000009.SZ,733825,1,0,8.88,100
2026-03-19 09:30:00.050,20260319,93000050,000009.SZ,736121,2,0,9.0,4400
2026-03-19 09:30:00.060,20260319,93000060,000009.SZ,737727,2,0,9.8,500
2026-03-19 09:30:00.060,20260319,93000060,000009.SZ,737994,2,0,9.05,100
2026-03-19 09:30:00.060,20260319,93000060,000009.SZ,738714,2,0,8.97,800
2026-03-19 09:30:00.060,20260319,93000060,000009.SZ,740387,2,0,9.0,500
2026-03-19 09:30:00.060,20260319,93000060,000009.SZ,741043,2,0,9.12,1000
2026-03-19 09:30:00.060,20260319,93000060,000009.SZ,741485,1,0,8.88,100
2026-03-19 09:30:00.060,20260319,93000060,000009.SZ,741627,1,0,9.0,2000
2026-03-19 09:30:00.060,20260319,93000060,000009.SZ,743042,2,0,9.6,200
2026-03-19 09:30:00.070,20260319,93000070,000009.SZ,745498,2,0,9.2,200
2026-03-19 09:30:00.070,20260319,93000070,000009.SZ,746379,2,0,9.4,1000
2026-03-19 09:30:00.070,20260319,93000070,000009.SZ,747989,2,0,9.24,400
2026-03-19 09:30:00.070,20260319,93000070,000009.SZ,748377,2,0,9.33,300
2026-03-19 09:30:00.070,20260319,93000070,000009.SZ,748608,2,0,9.66,300
2026-03-19 09:30:00.080,20260319,93000080,000009.SZ,749202,2,0,8.96,1200
2026-03-19 09:30:00.080,20260319,93000080,000009.SZ,750109,2,0,9.0,100
2026-03-19 09:30:00.080,20260319,93000080,000009.SZ,751077,2,0,9.0,900
2026-03-19 09:30:00.080,20260319,93000080,000009.SZ,753257,2,0,8.97,500
2026-03-19 09:30:00.080,20260319,93000080,000009.SZ,753838,2,0,9.4,7300
2026-03-19 09:30:00.090,20260319,93000090,000009.SZ,759278,2,0,9.25,500
2026-03-19 09:30:00.090,20260319,93000090,000009.SZ,760277,2,0,8.99,11000
2026-03-19 09:30:00.090,20260319,93000090,000009.SZ,760718,2,0,9.05,500
2026-03-19 09:30:00.100,20260319,93000100,000009.SZ,762731,1,0,8.9,1000
2026-03-19 09:30:00.100,20260319,93000100,000009.SZ,764018,1,0,8.5,5000
2026-03-19 09:30:00.100,20260319,93000100,000009.SZ,764936,1,0,8.63,200
2026-03-19 09:30:00.110,20260319,93000110,000009.SZ,768193,1,0,8.96,100
2026-03-19 09:30:00.110,20260319,93000110,000009.SZ,771195,1,0,8.8,1000
2026-03-19 09:30:00.110,20260319,93000110,000009.SZ,772585,2,0,9.0,2000
2026-03-19 09:30:00.110,20260319,93000110,000009.SZ,773184,1,0,8.89,500
2026-03-19 09:30:00.120,20260319,93000120,000009.SZ,774956,1,0,8.53,1500
2026-03-19 09:30:00.120,20260319,93000120,000009.SZ,776048,2,0,9.21,2000
2026-03-19 09:30:00.120,20260319,93000120,000009.SZ,776937,1,0,8.78,900
2026-03-19 09:30:00.130,20260319,93000130,000009.SZ,781695,1,0,8.8,4200
2026-03-19 09:30:00.130,20260319,93000130,000009.SZ,782348,2,0,8.99,900
2026-03-19 09:30:00.130,20260319,93000130,000009.SZ,782796,1,0,8.99,100
2026-03-19 09:30:00.130,20260319,93000130,000009.SZ,783732,2,0,9.0,100
2026-03-19 09:30:00.130,20260319,93000130,000009.SZ,784167,1,0,8.85,1000
2026-03-19 09:30:00.130,20260319,93000130,000009.SZ,784398,2,0,9.0,100
2026-03-19 09:30:00.130,20260319,93000130,000009.SZ,784800,2,0,8.99,3000
2026-03-19 09:30:00.130,20260319,93000130,000009.SZ,785117,1,0,9.0,500
2026-03-19 09:30:00.130,20260319,93000130,000009.SZ,786167,2,0,9.22,39600
2026-03-19 09:30:00.130,20260319,93000130,000009.SZ,786607,2,0,9.93,1000
2026-03-19 09:30:00.140,20260319,93000140,000009.SZ,788046,2,0,8.97,4000
2026-03-19 09:30:00.140,20260319,93000140,000009.SZ,790047,2,0,9.1,4900
2026-03-19 09:30:00.140,20260319,93000140,000009.SZ,790798,2,0,8.99,800
2026-03-19 09:30:00.150,20260319,93000150,000009.SZ,796029,1,0,8.85,500
2026-03-19 09:30:00.150,20260319,93000150,000009.SZ,797787,2,0,9.51,100
2026-03-19 09:30:00.150,20260319,93000150,000009.SZ,799449,2,0,9.24,2000
2026-03-19 09:30:00.150,20260319,93000150,000009.SZ,799471,1,0,8.92,300
2026-03-19 09:30:00.150,20260319,93000150,000009.SZ,799533,1,0,8.81,4000
2026-03-19 09:30:00.160,20260319,93000160,000009.SZ,800155,1,0,8.91,7000
2026-03-19 09:30:00.160,20260319,93000160,000009.SZ,800177,1,0,8.72,1500
2026-03-19 09:30:00.160,20260319,93000160,000009.SZ,800317,1,0,8.95,500
2026-03-19 09:30:00.160,20260319,93000160,000009.SZ,804573,2,0,9.0,900
2026-03-19 09:30:00.160,20260319,93000160,000009.SZ,805369,1,0,8.91,1000
2026-03-19 09:30:00.170,20260319,93000170,000009.SZ,808906,1,0,9.0,500
2026-03-19 09:30:00.170,20260319,93000170,000009.SZ,810162,2,0,9.17,2000
2026-03-19 09:30:00.170,20260319,93000170,000009.SZ,810573,2,0,8.99,13800
2026-03-19 09:30:00.170,20260319,93000170,000009.SZ,810606,1,0,8.93,5000
2026-03-19 09:30:00.180,20260319,93000180,000009.SZ,812563,2,0,9.22,1000
2026-03-19 09:30:00.180,20260319,93000180,000009.SZ,813476,2,0,9.79,2000
2026-03-19 09:30:00.180,20260319,93000180,000009.SZ,814988,1,0,8.15,700
2026-03-19 09:30:00.190,20260319,93000190,000009.SZ,818018,2,0,8.99,6200
2026-03-19 09:30:00.190,20260319,93000190,000009.SZ,819852,1,0,8.9,4200
2026-03-19 09:30:00.190,20260319,93000190,000009.SZ,820728,1,0,8.95,1000
2026-03-19 09:30:00.190,20260319,93000190,000009.SZ,821349,1,0,8.81,10000
2026-03-19 09:30:00.200,20260319,93000200,000009.SZ,822581,1,0,8.98,100
2026-03-19 09:30:00.200,20260319,93000200,000009.SZ,822738,2,0,9.18,10000
2026-03-19 09:30:00.200,20260319,93000200,000009.SZ,822798,2,0,8.99,1500
2026-03-19 09:30:00.200,20260319,93000200,000009.SZ,823830,1,0,8.94,600
2026-03-19 09:30:00.200,20260319,93000200,000009.SZ,824103,1,0,8.91,1000
2026-03-19 09:30:00.200,20260319,93000200,000009.SZ,824932,1,0,8.81,1000
2026-03-19 09:30:00.200,20260319,93000200,000009.SZ,825473,2,0,9.97,500
2026-03-19 09:30:00.210,20260319,93000210,000009.SZ,828340,2,0,8.99,400
2026-03-19 09:30:00.210,20260319,93000210,000009.SZ,828403,2,0,8.99,400
2026-03-19 09:30:00.210,20260319,93000210,000009.SZ,828404,2,0,8.99,400
2026-03-19 09:30:00.210,20260319,93000210,000009.SZ,828441,2,0,8.99,400
2026-03-19 09:30:00.210,20260319,93000210,000009.SZ,828539,2,0,8.99,500
2026-03-19 09:30:00.210,20260319,93000210,000009.SZ,828775,2,0,8.99,1300
2026-03-19 09:30:00.210,20260319,93000210,000009.SZ,829662,1,0,8.95,2200
2026-03-19 09:30:00.210,20260319,93000210,000009.SZ,830228,2,0,9.26,2000
2026-03-19 09:30:00.220,20260319,93000220,000009.SZ,832182,1,0,8.8,500
2026-03-19 09:30:00.220,20260319,93000220,000009.SZ,833062,2,0,8.99,1500
2026-03-19 09:30:00.230,20260319,93000230,000009.SZ,837513,2,0,9.78,400
2026-03-19 09:30:00.230,20260319,93000230,000009.SZ,837681,2,0,9.18,1900
2026-03-19 09:30:00.230,20260319,93000230,000009.SZ,838007,2,0,9.87,100
2026-03-19 09:30:00.230,20260319,93000230,000009.SZ,838117,2,0,8.99,7400
2026-03-19 09:30:00.230,20260319,93000230,000009.SZ,838769,1,0,9.0,500
2026-03-19 09:30:00.240,20260319,93000240,000009.SZ,839991,1,0,8.96,900
2026-03-19 09:30:00.240,20260319,93000240,000009.SZ,841611,1,0,8.83,200
2026-03-19 09:30:00.240,20260319,93000240,000009.SZ,842041,2,0,9.9,10000
2026-03-19 09:30:00.240,20260319,93000240,000009.SZ,842638,2,0,9.32,500
2026-03-19 09:30:00.250,20260319,93000250,000009.SZ,844847,2,0,9.97,2000
2026-03-19 09:30:00.250,20260319,93000250,000009.SZ,845091,1,0,8.9,2000
2026-03-19 09:30:00.250,20260319,93000250,000009.SZ,845797,2,0,9.06,10000
2026-03-19 09:30:00.250,20260319,93000250,000009.SZ,845945,1,0,8.15,100
2026-03-19 09:30:00.250,20260319,93000250,000009.SZ,847422,2,0,9.47,4100
2026-03-19 09:30:00.250,20260319,93000250,000009.SZ,847722,1,0,8.86,500
2026-03-19 09:30:00.250,20260319,93000250,000009.SZ,847840,2,0,9.2,5700
2026-03-19 09:30:00.250,20260319,93000250,000009.SZ,848115,2,0,8.99,2900
2026-03-19 09:30:00.260,20260319,93000260,000009.SZ,849444,2,0,8.98,1000
2026-03-19 09:30:00.270,20260319,93000270,000009.SZ,853299,2,0,9.01,10400
2026-03-19 09:30:00.270,20260319,93000270,000009.SZ,853440,1,0,8.89,300
2026-03-19 09:30:00.270,20260319,93000270,000009.SZ,853863,2,0,8.94,1000
2026-03-19 09:30:00.270,20260319,93000270,000009.SZ,854310,1,0,8.86,1200
2026-03-19 09:30:00.270,20260319,93000270,000009.SZ,855033,2,0,9.28,1700
2026-03-19 09:30:00.270,20260319,93000270,000009.SZ,855132,2,0,9.02,12700
2026-03-19 09:30:00.270,20260319,93000270,000009.SZ,855546,2,0,8.98,2600
2026-03-19 09:30:00.280,20260319,93000280,000009.SZ,857105,2,0,9.13,3000
2026-03-19 09:30:00.280,20260319,93000280,000009.SZ,858378,2,0,9.29,1700
2026-03-19 09:30:00.290,20260319,93000290,000009.SZ,860648,1,0,8.75,300
2026-03-19 09:30:00.290,20260319,93000290,000009.SZ,860999,1,0,8.88,1500
2026-03-19 09:30:00.290,20260319,93000290,000009.SZ,861027,2,0,8.99,400
2026-03-19 09:30:00.290,20260319,93000290,000009.SZ,861352,1,0,8.85,400
2026-03-19 09:30:00.290,20260319,93000290,000009.SZ,862344,2,0,8.99,7600
2026-03-19 09:30:00.290,20260319,93000290,000009.SZ,862514,2,0,9.58,3000
2026-03-19 09:30:00.290,20260319,93000290,000009.SZ,862564,2,0,9.1,1000
2026-03-19 09:30:00.290,20260319,93000290,000009.SZ,862992,2,0,9.12,900
2026-03-19 09:30:00.290,20260319,93000290,000009.SZ,864461,2,0,9.97,500
2026-03-19 09:30:00.300,20260319,93000300,000009.SZ,864922,1,0,8.3,500
2026-03-19 09:30:00.300,20260319,93000300,000009.SZ,866064,1,0,8.8,1100
2026-03-19 09:30:00.300,20260319,93000300,000009.SZ,867201,2,0,9.96,2900
2026-03-19 09:30:00.310,20260319,93000310,000009.SZ,868708,2,0,9.03,2000
2026-03-19 09:30:00.310,20260319,93000310,000009.SZ,869337,2,0,9.97,1600
2026-03-19 09:30:00.310,20260319,93000310,000009.SZ,869919,1,0,9.0,5000
2026-03-19 09:30:00.310,20260319,93000310,000009.SZ,870515,2,0,9.7,2000
2026-03-19 09:30:00.310,20260319,93000310,000009.SZ,871343,1,0,9.0,50000
2026-03-19 09:30:00.310,20260319,93000310,000009.SZ,871407,1,0,9.0,50000
2026-03-19 09:30:00.320,20260319,93000320,000009.SZ,874610,1,0,8.96,3000
2026-03-19 09:30:00.330,20260319,93000330,000009.SZ,875091,2,0,8.99,2000
2026-03-19 09:30:00.330,20260319,93000330,000009.SZ,875705,1,0,8.8,500
2026-03-19 09:30:00.330,20260319,93000330,000009.SZ,876518,1,0,8.86,1400
2026-03-19 09:30:00.350,20260319,93000350,000009.SZ,881105,1,0,8.96,500
2026-03-19 09:30:00.350,20260319,93000350,000009.SZ,882355,2,0,9.0,400
2026-03-19 09:30:00.350,20260319,93000350,000009.SZ,882582,1,0,8.81,2000
2026-03-19 09:30:00.360,20260319,93000360,000009.SZ,884119,1,0,8.97,100
2026-03-19 09:30:00.360,20260319,93000360,000009.SZ,884136,1,0,8.96,100
2026-03-19 09:30:00.360,20260319,93000360,000009.SZ,884155,1,0,8.95,100
2026-03-19 09:30:00.360,20260319,93000360,000009.SZ,884496,1,0,8.88,100
2026-03-19 09:30:00.360,20260319,93000360,000009.SZ,885304,1,0,8.75,3000
2026-03-19 09:30:00.370,20260319,93000370,000009.SZ,886725,2,0,8.98,8700
2026-03-19 09:30:00.370,20260319,93000370,000009.SZ,888115,1,0,8.86,100
2026-03-19 09:30:00.380,20260319,93000380,000009.SZ,889295,2,0,8.99,5000
2026-03-19 09:30:00.380,20260319,93000380,000009.SZ,889761,1,0,8.99,1000
2026-03-19 09:30:00.390,20260319,93000390,000009.SZ,891878,1,0,8.98,5600
2026-03-19 09:30:00.390,20260319,93000390,000009.SZ,892311,1,0,8.86,500
2026-03-19 09:30:00.390,20260319,93000390,000009.SZ,892328,1,0,8.76,500
2026-03-19 09:30:00.400,20260319,93000400,000009.SZ,894757,1,0,9.0,12600
2026-03-19 09:30:00.400,20260319,93000400,000009.SZ,895136,1,0,9.0,1000
2026-03-19 09:30:00.400,20260319,93000400,000009.SZ,895242,1,0,8.81,300
2026-03-19 09:30:00.410,20260319,93000410,000009.SZ,896116,2,0,8.97,3100
2026-03-19 09:30:00.410,20260319,93000410,000009.SZ,897326,2,0,8.99,100
2026-03-19 09:30:00.410,20260319,93000410,000009.SZ,897466,2,0,8.99,100
2026-03-19 09:30:00.410,20260319,93000410,000009.SZ,897479,2,0,8.99,500
2026-03-19 09:30:00.410,20260319,93000410,000009.SZ,897496,2,0,8.99,300
2026-03-19 09:30:00.420,20260319,93000420,000009.SZ,899090,2,0,8.99,1200
2026-03-19 09:30:00.420,20260319,93000420,000009.SZ,900906,1,0,8.86,2100
2026-03-19 09:30:00.440,20260319,93000440,000009.SZ,903711,1,0,8.95,600
2026-03-19 09:30:00.440,20260319,93000440,000009.SZ,904639,1,0,8.9,1000
2026-03-19 09:30:00.470,20260319,93000470,000009.SZ,910326,1,0,8.88,1000
2026-03-19 09:30:00.470,20260319,93000470,000009.SZ,910400,1,0,8.82,300
2026-03-19 09:30:00.480,20260319,93000480,000009.SZ,912106,1,0,8.8,100
2026-03-19 09:30:00.490,20260319,93000490,000009.SZ,913986,2,0,8.99,19000
2026-03-19 09:30:00.490,20260319,93000490,000009.SZ,914890,2,0,9.97,2000
2026-03-19 09:30:00.500,20260319,93000500,000009.SZ,916109,2,0,8.99,1000
2026-03-19 09:30:00.500,20260319,93000500,000009.SZ,916824,1,0,9.0,2200
2026-03-19 09:30:00.510,20260319,93000510,000009.SZ,917962,1,0,8.84,1000
2026-03-19 09:30:00.510,20260319,93000510,000009.SZ,918916,2,0,9.9,1000
2026-03-19 09:30:00.520,20260319,93000520,000009.SZ,919551,2,0,8.99,5000
2026-03-19 09:30:00.530,20260319,93000530,000009.SZ,921096,2,0,8.97,3600
2026-03-19 09:30:00.540,20260319,93000540,000009.SZ,923556,1,0,8.96,5000
2026-03-19 09:30:00.550,20260319,93000550,000009.SZ,924722,2,0,8.98,5600
2026-03-19 09:30:00.550,20260319,93000550,000009.SZ,924815,2,0,8.98,4700
2026-03-19 09:30:00.560,20260319,93000560,000009.SZ,926594,1,0,8.99,300
2026-03-19 09:30:00.590,20260319,93000590,000009.SZ,931437,1,0,8.92,1000
2026-03-19 09:30:00.590,20260319,93000590,000009.SZ,931697,2,0,9.0,3000
2026-03-19 09:30:00.590,20260319,93000590,000009.SZ,932627,1,0,8.96,700
2026-03-19 09:30:00.590,20260319,93000590,000009.SZ,932764,1,0,8.91,700
2026-03-19 09:30:00.600,20260319,93000600,000009.SZ,933688,2,0,8.99,3300
2026-03-19 09:30:00.600,20260319,93000600,000009.SZ,934163,2,0,8.99,1800
2026-03-19 09:30:00.600,20260319,93000600,000009.SZ,934237,2,0,8.99,100
2026-03-19 09:30:00.600,20260319,93000600,000009.SZ,934415,2,0,8.99,900
2026-03-19 09:30:00.600,20260319,93000600,000009.SZ,935103,2,0,8.99,1300
2026-03-19 09:30:00.600,20260319,93000600,000009.SZ,935328,2,0,8.99,3000
2026-03-19 09:30:00.610,20260319,93000610,000009.SZ,936396,2,0,9.12,200
2026-03-19 09:30:00.620,20260319,93000620,000009.SZ,937873,2,0,9.08,200
2026-03-19 09:30:00.630,20260319,93000630,000009.SZ,940204,1,0,8.78,500
2026-03-19 09:30:00.650,20260319,93000650,000009.SZ,942473,1,0,8.8,700
2026-03-19 09:30:00.650,20260319,93000650,000009.SZ,942608,2,1,0.0,900
2026-03-19 09:30:00.650,20260319,93000650,000009.SZ,943616,2,0,9.86,10000
2026-03-19 09:30:00.660,20260319,93000660,000009.SZ,944199,2,0,8.99,1200
2026-03-19 09:30:00.660,20260319,93000660,000009.SZ,944740,2,0,9.08,9400
2026-03-19 09:30:00.660,20260319,93000660,000009.SZ,945159,1,0,8.95,300
2026-03-19 09:30:00.670,20260319,93000670,000009.SZ,946503,2,0,9.49,400
2026-03-19 09:30:00.680,20260319,93000680,000009.SZ,948325,2,0,8.99,100
2026-03-19 09:30:00.680,20260319,93000680,000009.SZ,948415,2,0,8.98,200
2026-03-19 09:30:00.690,20260319,93000690,000009.SZ,949955,2,0,9.45,1000
2026-03-19 09:30:00.710,20260319,93000710,000009.SZ,953319,1,0,8.61,1500
2026-03-19 09:30:00.720,20260319,93000720,000009.SZ,954947,2,0,9.0,35000
2026-03-19 09:30:00.720,20260319,93000720,000009.SZ,955150,2,0,9.35,1000
2026-03-19 09:30:00.740,20260319,93000740,000009.SZ,960634,2,0,9.14,2300
2026-03-19 09:30:00.750,20260319,93000750,000009.SZ,960960,1,0,8.89,1000
2026-03-19 09:30:00.770,20260319,93000770,000009.SZ,964811,2,0,9.5,200
2026-03-19 09:30:00.770,20260319,93000770,000009.SZ,965523,1,0,8.8,1200
2026-03-19 09:30:00.790,20260319,93000790,000009.SZ,968188,2,0,8.99,2100
2026-03-19 09:30:00.800,20260319,93000800,000009.SZ,970307,1,0,8.98,3000
2026-03-19 09:30:00.800,20260319,93000800,000009.SZ,970912,1,0,8.9,400
2026-03-19 09:30:00.810,20260319,93000810,000009.SZ,971643,2,0,9.1,3300
2026-03-19 09:30:00.820,20260319,93000820,000009.SZ,973249,1,0,8.91,2000
2026-03-19 09:30:00.820,20260319,93000820,000009.SZ,974133,1,0,8.88,2000
2026-03-19 09:30:00.820,20260319,93000820,000009.SZ,974161,2,0,8.99,1200
2026-03-19 09:30:00.820,20260319,93000820,000009.SZ,974253,1,0,8.99,600
2026-03-19 09:30:00.830,20260319,93000830,000009.SZ,974431,1,0,8.85,2000
2026-03-19 09:30:00.830,20260319,93000830,000009.SZ,974603,1,0,8.95,1000
2026-03-19 09:30:00.830,20260319,93000830,000009.SZ,974730,1,0,8.98,200
2026-03-19 09:30:00.830,20260319,93000830,000009.SZ,975179,1,0,8.83,2000
2026-03-19 09:30:00.830,20260319,93000830,000009.SZ,975372,1,0,8.86,400
2026-03-19 09:30:00.840,20260319,93000840,000009.SZ,976925,2,0,9.35,600
2026-03-19 09:30:00.840,20260319,93000840,000009.SZ,977310,1,0,8.88,1400
2026-03-19 09:30:00.840,20260319,93000840,000009.SZ,977351,2,0,9.1,200
2026-03-19 09:30:00.870,20260319,93000870,000009.SZ,980025,2,0,8.95,1100
2026-03-19 09:30:00.880,20260319,93000880,000009.SZ,981830,2,0,9.04,1000
2026-03-19 09:30:00.880,20260319,93000880,000009.SZ,981902,2,0,9.97,100
2026-03-19 09:30:00.880,20260319,93000880,000009.SZ,982021,1,0,9.0,900
2026-03-19 09:30:00.880,20260319,93000880,000009.SZ,982683,2,0,8.99,100
2026-03-19 09:30:00.890,20260319,93000890,000009.SZ,983818,1,0,8.96,800
2026-03-19 09:30:00.900,20260319,93000900,000009.SZ,984037,2,0,9.03,20700
2026-03-19 09:30:00.900,20260319,93000900,000009.SZ,984473,1,0,9.0,200
2026-03-19 09:30:00.930,20260319,93000930,000009.SZ,988691,1,0,8.88,1000
2026-03-19 09:30:00.930,20260319,93000930,000009.SZ,989263,2,0,9.52,600
2026-03-19 09:30:00.930,20260319,93000930,000009.SZ,989992,2,0,9.72,1500
2026-03-19 09:30:00.930,20260319,93000930,000009.SZ,990229,2,0,9.92,3500
2026-03-19 09:30:00.950,20260319,93000950,000009.SZ,993182,1,0,8.8,2000
2026-03-19 09:30:00.960,20260319,93000960,000009.SZ,994648,2,0,9.4,400
2026-03-19 09:30:00.960,20260319,93000960,000009.SZ,994756,2,0,9.97,5000
2026-03-19 09:30:00.960,20260319,93000960,000009.SZ,995164,1,0,8.9,2000
2026-03-19 09:30:00.960,20260319,93000960,000009.SZ,995235,2,0,9.26,2700
2026-03-19 09:30:00.960,20260319,93000960,000009.SZ,995377,2,0,9.97,300
2026-03-19 09:30:00.960,20260319,93000960,000009.SZ,995559,2,0,9.6,400
2026-03-19 09:30:00.970,20260319,93000970,000009.SZ,996878,2,0,8.99,200
2026-03-19 09:30:00.980,20260319,93000980,000009.SZ,996985,1,0,8.81,200
2026-03-19 09:30:00.980,20260319,93000980,000009.SZ,998286,1,0,8.15,2500
2026-03-19 09:30:00.990,20260319,93000990,000009.SZ,999381,2,0,9.0,1000
2026-03-19 09:30:00.990,20260319,93000990,000009.SZ,999755,2,0,9.29,2700
2026-03-19 09:30:00.990,20260319,93000990,000009.SZ,999829,2,0,9.29,2700
2026-03-19 09:30:01.000,20260319,93001000,000009.SZ,1000797,1,0,8.8,1000
2026-03-19 09:30:01.000,20260319,93001000,000009.SZ,1000983,2,0,9.05,1000
2026-03-19 09:30:01.010,20260319,93001010,000009.SZ,1001851,1,0,8.91,4000
2026-03-19 09:30:01.010,20260319,93001010,000009.SZ,1001941,2,0,9.19,3000
2026-03-19 09:30:01.010,20260319,93001010,000009.SZ,1002171,1,0,8.93,1000
2026-03-19 09:30:01.020,20260319,93001020,000009.SZ,1003546,2,0,9.25,1000
2026-03-19 09:30:01.060,20260319,93001060,000009.SZ,1007449,1,0,8.8,500
2026-03-19 09:30:01.060,20260319,93001060,000009.SZ,1007626,1,0,8.9,2000
2026-03-19 09:30:01.060,20260319,93001060,000009.SZ,1007794,1,0,8.98,1200
2026-03-19 09:30:01.070,20260319,93001070,000009.SZ,1008377,2,0,9.7,100
2026-03-19 09:30:01.080,20260319,93001080,000009.SZ,1009436,1,0,8.94,5000
2026-03-19 09:30:01.080,20260319,93001080,000009.SZ,1010208,2,0,9.15,1000
2026-03-19 09:30:01.090,20260319,93001090,000009.SZ,1010989,1,0,8.96,1000
2026-03-19 09:30:01.090,20260319,93001090,000009.SZ,1011162,2,0,8.98,12000
2026-03-19 09:30:01.090,20260319,93001090,000009.SZ,1011737,1,0,8.9,500
2026-03-19 09:30:01.100,20260319,93001100,000009.SZ,1012579,1,0,8.8,3000
2026-03-19 09:30:01.100,20260319,93001100,000009.SZ,1013893,2,0,9.2,1000
2026-03-19 09:30:01.110,20260319,93001110,000009.SZ,1014234,1,0,8.98,300
2026-03-19 09:30:01.130,20260319,93001130,000009.SZ,1016232,1,0,8.95,500
2026-03-19 09:30:01.140,20260319,93001140,000009.SZ,1018236,2,0,9.0,5000
2026-03-19 09:30:01.150,20260319,93001150,000009.SZ,1019238,2,0,8.99,5000
2026-03-19 09:30:01.150,20260319,93001150,000009.SZ,1019405,2,0,9.25,1000
2026-03-19 09:30:01.160,20260319,93001160,000009.SZ,1020982,1,0,8.86,2000
2026-03-19 09:30:01.190,20260319,93001190,000009.SZ,1024717,2,0,9.19,4100
2026-03-19 09:30:01.200,20260319,93001200,000009.SZ,1025824,1,0,9.0,200
2026-03-19 09:30:01.210,20260319,93001210,000009.SZ,1027645,2,0,9.0,2000
2026-03-19 09:30:01.230,20260319,93001230,000009.SZ,1029239,2,0,8.98,200
2026-03-19 09:30:01.230,20260319,93001230,000009.SZ,1029584,1,0,8.99,300
2026-03-19 09:30:01.230,20260319,93001230,000009.SZ,1029737,1,0,8.5,500
2026-03-19 09:30:01.230,20260319,93001230,000009.SZ,1029741,2,0,8.98,200
2026-03-19 09:30:01.230,20260319,93001230,000009.SZ,1030293,2,0,8.98,100
2026-03-19 09:30:01.240,20260319,93001240,000009.SZ,1030744,2,0,9.4,1000
2026-03-19 09:30:01.250,20260319,93001250,000009.SZ,1033419,1,0,8.91,3000
2026-03-19 09:30:01.250,20260319,93001250,000009.SZ,1033596,1,0,8.56,1000
2026-03-19 09:30:01.250,20260319,93001250,000009.SZ,1033673,1,0,8.9,200
2026-03-19 09:30:01.260,20260319,93001260,000009.SZ,1034597,2,0,9.28,5000
2026-03-19 09:30:01.270,20260319,93001270,000009.SZ,1036275,1,0,8.95,500
2026-03-19 09:30:01.280,20260319,93001280,000009.SZ,1037579,1,0,8.96,400
2026-03-19 09:30:01.280,20260319,93001280,000009.SZ,1037657,1,0,9.0,700
2026-03-19 09:30:01.290,20260319,93001290,000009.SZ,1038185,1,0,8.95,1100
2026-03-19 09:30:01.290,20260319,93001290,000009.SZ,1038824,2,0,8.99,19300
2026-03-19 09:30:01.290,20260319,93001290,000009.SZ,1039164,2,0,8.99,100
2026-03-19 09:30:01.300,20260319,93001300,000009.SZ,1039492,2,0,9.25,500
2026-03-19 09:30:01.310,20260319,93001310,000009.SZ,1041019,1,0,8.97,4500
2026-03-19 09:30:01.320,20260319,93001320,000009.SZ,1041852,1,0,8.8,200
2026-03-19 09:30:01.320,20260319,93001320,000009.SZ,1041897,1,0,8.6,2000
2026-03-19 09:30:01.320,20260319,93001320,000009.SZ,1042249,1,0,8.98,5000
2026-03-19 09:30:01.340,20260319,93001340,000009.SZ,1044791,2,0,9.13,3000
2026-03-19 09:30:01.350,20260319,93001350,000009.SZ,1045875,2,0,9.07,3600
2026-03-19 09:30:01.370,20260319,93001370,000009.SZ,1047398,2,0,9.11,98300
2026-03-19 09:30:01.370,20260319,93001370,000009.SZ,1047555,1,0,8.96,800
2026-03-19 09:30:01.370,20260319,93001370,000009.SZ,1047610,2,0,8.99,900
2026-03-19 09:30:01.380,20260319,93001380,000009.SZ,1048550,1,0,8.35,2000
2026-03-19 09:30:01.390,20260319,93001390,000009.SZ,1048914,1,0,8.99,800
2026-03-19 09:30:01.390,20260319,93001390,000009.SZ,1049742,1,0,8.88,3000
2026-03-19 09:30:01.400,20260319,93001400,000009.SZ,1050446,1,0,8.91,5000
2026-03-19 09:30:01.410,20260319,93001410,000009.SZ,1051920,2,0,8.98,100
2026-03-19 09:30:01.410,20260319,93001410,000009.SZ,1051932,2,0,8.98,100
2026-03-19 09:30:01.410,20260319,93001410,000009.SZ,1051938,2,0,8.98,400
2026-03-19 09:30:01.410,20260319,93001410,000009.SZ,1052070,2,0,8.98,100
2026-03-19 09:30:01.420,20260319,93001420,000009.SZ,1052820,2,0,9.18,98300
2026-03-19 09:30:01.420,20260319,93001420,000009.SZ,1053313,2,0,8.98,400
2026-03-19 09:30:01.440,20260319,93001440,000009.SZ,1054881,2,0,8.98,100
2026-03-19 09:30:01.440,20260319,93001440,000009.SZ,1054883,2,0,8.98,100
2026-03-19 09:30:01.440,20260319,93001440,000009.SZ,1054886,2,0,8.98,100
2026-03-19 09:30:01.460,20260319,93001460,000009.SZ,1056448,2,0,8.98,100
2026-03-19 09:30:01.460,20260319,93001460,000009.SZ,1056456,2,0,8.98,100
2026-03-19 09:30:01.460,20260319,93001460,000009.SZ,1057178,2,0,9.2,1200
2026-03-19 09:30:01.480,20260319,93001480,000009.SZ,1058675,2,0,8.98,100
2026-03-19 09:30:01.480,20260319,93001480,000009.SZ,1058815,2,0,9.07,100
2026-03-19 09:30:01.500,20260319,93001500,000009.SZ,1060073,1,0,8.8,1000
2026-03-19 09:30:01.510,20260319,93001510,000009.SZ,1060654,2,0,9.2,2000
2026-03-19 09:30:01.510,20260319,93001510,000009.SZ,1060764,2,0,8.99,100
2026-03-19 09:30:01.520,20260319,93001520,000009.SZ,1061546,2,0,9.0,2000
2026-03-19 09:30:01.530,20260319,93001530,000009.SZ,1063254,1,0,8.46,500
2026-03-19 09:30:01.540,20260319,93001540,000009.SZ,1063718,2,0,9.38,1000
2026-03-19 09:30:01.540,20260319,93001540,000009.SZ,1064123,1,0,8.66,200
2026-03-19 09:30:01.550,20260319,93001550,000009.SZ,1064367,2,0,8.98,300
2026-03-19 09:30:01.550,20260319,93001550,000009.SZ,1064420,2,0,8.98,100
2026-03-19 09:30:01.550,20260319,93001550,000009.SZ,1064436,2,0,8.98,100
2026-03-19 09:30:01.550,20260319,93001550,000009.SZ,1064540,2,0,9.64,10000
2026-03-19 09:30:01.560,20260319,93001560,000009.SZ,1065127,2,0,9.0,400
2026-03-19 09:30:01.560,20260319,93001560,000009.SZ,1065358,2,0,9.59,1000
2026-03-19 09:30:01.580,20260319,93001580,000009.SZ,1066693,1,0,8.86,700
2026-03-19 09:30:01.580,20260319,93001580,000009.SZ,1067109,2,0,8.99,100
2026-03-19 09:30:01.590,20260319,93001590,000009.SZ,1067499,2,0,9.02,2000
2026-03-19 09:30:01.600,20260319,93001600,000009.SZ,1069015,2,0,8.98,100
2026-03-19 09:30:01.600,20260319,93001600,000009.SZ,1069038,2,0,8.98,400
2026-03-19 09:30:01.610,20260319,93001610,000009.SZ,1069202,2,0,8.98,200
2026-03-19 09:30:01.610,20260319,93001610,000009.SZ,1069441,1,0,8.8,100
2026-03-19 09:30:01.610,20260319,93001610,000009.SZ,1069916,2,0,9.3,100
2026-03-19 09:30:01.620,20260319,93001620,000009.SZ,1070331,2,0,9.2,1000
2026-03-19 09:30:01.620,20260319,93001620,000009.SZ,1070366,2,0,9.3,1300
2026-03-19 09:30:01.620,20260319,93001620,000009.SZ,1070434,2,0,9.6,1000
2026-03-19 09:30:01.620,20260319,93001620,000009.SZ,1070577,2,0,9.69,2000
2026-03-19 09:30:01.630,20260319,93001630,000009.SZ,1071624,2,0,9.1,3000
2026-03-19 09:30:01.630,20260319,93001630,000009.SZ,1071691,2,0,8.99,35000
2026-03-19 09:30:01.640,20260319,93001640,000009.SZ,1072959,1,0,8.96,1000
2026-03-19 09:30:01.640,20260319,93001640,000009.SZ,1072998,1,0,8.68,10000
2026-03-19 09:30:01.650,20260319,93001650,000009.SZ,1073742,1,0,8.97,8000
2026-03-19 09:30:01.670,20260319,93001670,000009.SZ,1075514,2,0,8.98,100
2026-03-19 09:30:01.670,20260319,93001670,000009.SZ,1075516,2,0,8.98,200
