timestamp,date,stamp,code,match_no,bs_flag,bid_order_no,ask_order_no,match_price,match_volume,match_amount
2026-04-10 09:15:00.490,20260410,91500490,000009.SZ,108066,-1,28616,0,0.0,10000,0.0
2026-04-10 09:15:02.330,20260410,91502330,000009.SZ,212578,-1,0,162563,0.0,1200,0.0
2026-04-10 09:15:03.090,20260410,91503090,000009.SZ,232335,-1,0,30419,0.0,3900,0.0
2026-04-10 09:15:03.270,20260410,91503270,000009.SZ,234588,-1,234585,0,0.0,500,0.0
2026-04-10 09:16:27.970,20260410,91627970,000009.SZ,287771,-1,0,252033,0.0,5100,0.0
2026-04-10 09:17:56.180,20260410,91756180,000009.SZ,314582,-1,0,99703,0.0,500,0.0
2026-04-10 09:18:40.970,20260410,91840970,000009.SZ,330336,-1,281110,0,0.0,35700,0.0
2026-04-10 09:18:56.940,20260410,91856940,000009.SZ,335965,-1,0,297597,0.0,1200,0.0
2026-04-10 09:19:02.310,20260410,91902310,000009.SZ,337877,-1,272591,0,0.0,21600,0.0
2026-04-10 09:19:40.460,20260410,91940460,000009.SZ,351698,-1,118817,0,0.0,10100,0.0
2026-04-10 09:19:46.960,20260410,91946960,000009.SZ,354053,-1,227439,0,0.0,500,0.0
2026-04-10 09:25:00.000,20260410,92500000,000009.SZ,533029,2,339713,513615,8.71,200,1742.0
2026-04-10 09:25:00.000,20260410,92500000,000009.SZ,533030,1,528500,513615,8.71,400,3484.0
2026-04-10 09:25:00.000,20260410,92500000,000009.SZ,533031,1,528500,380619,8.71,100,871.0
2026-04-10 09:25:00.000,20260410,92500000,000009.SZ,533032,1,528500,524334,8.71,7900,68809.0
2026-04-10 09:25:00.000,20260410,92500000,000009.SZ,533033,2,451751,524334,8.71,1000,8710.0
2026-04-10 09:25:00.000,20260410,92500000,000009.SZ,533034,2,485974,524334,8.71,100,871.0
2026-04-10 09:25:00.000,20260410,92500000,000009.SZ,533035,2,340174,524334,8.71,500,4355.0
2026-04-10 09:25:00.000,20260410,92500000,000009.SZ,533036,2,496843,524334,8.71,800,6968.0
2026-04-10 09:25:00.000,20260410,92500000,000009.SZ,533037,2,433656,524334,8.71,1000,8710.0
2026-04-10 09:25:00.000,20260410,92500000,000009.SZ,533038,1,433656,287545,8.71,1200,10452.0
2026-04-10 09:25:00.000,20260410,92500000,000009.SZ,533039,2,433656,529044,8.71,100,871.0
2026-04-10 09:25:00.000,20260410,92500000,000009.SZ,533040,2,433656,523651,8.71,1600,13936.0
2026-04-10 09:25:00.000,20260410,92500000,000009.SZ,533041,2,433656,528850,8.71,100,871.0
2026-04-10 09:25:00.000,20260410,92500000,000009.SZ,533042,2,433656,522196,8.71,1000,8710.0
2026-04-10 09:25:00.000,20260410,92500000,000009.SZ,533043,2,22286,522196,8.71,100,871.0
2026-04-10 09:25:00.000,20260410,92500000,000009.SZ,533044,2,22286,506382,8.71,100,871.0
2026-04-10 09:25:00.000,20260410,92500000,000009.SZ,533045,2,22286,514074,8.71,100,871.0
2026-04-10 09:25:00.000,20260410,92500000,000009.SZ,533046,2,22286,156208,8.71,100,871.0
2026-04-10 09:25:00.000,20260410,92500000,000009.SZ,533047,1,482337,280247,8.71,100,871.0
2026-04-10 09:25:00.000,20260410,92500000,000009.SZ,533048,1,482337,295581,8.71,200,1742.0
2026-04-10 09:25:00.000,20260410,92500000,000009.SZ,533049,1,482337,375791,8.71,5200,45292.0
2026-04-10 09:25:00.000,20260410,92500000,000009.SZ,533050,1,482337,434325,8.71,400,3484.0
2026-04-10 09:25:00.000,20260410,92500000,000009.SZ,533051,1,482337,482026,8.71,3200,27872.0
2026-04-10 09:25:00.000,20260410,92500000,000009.SZ,533052,1,482337,244063,8.71,700,6097.0
2026-04-10 09:30:00.040,20260410,93000040,000009.SZ,623045,-1,0,94290,0.0,5000,0.0
2026-04-10 09:30:00.040,20260410,93000040,000009.SZ,625376,2,473954,625375,8.7,1000,8700.0
2026-04-10 09:30:00.050,20260410,93000050,000009.SZ,630765,1,630764,244063,8.71,1800,15678.0
2026-04-10 09:30:00.050,20260410,93000050,000009.SZ,630766,1,630764,276212,8.71,100,871.0
2026-04-10 09:30:00.050,20260410,93000050,000009.SZ,630767,1,630764,340870,8.71,1200,10452.0
2026-04-10 09:30:00.050,20260410,93000050,000009.SZ,630768,1,630764,359117,8.71,500,4355.0
2026-04-10 09:30:00.100,20260410,93000100,000009.SZ,656854,2,630764,656853,8.71,400,3484.0
2026-04-10 09:30:00.100,20260410,93000100,000009.SZ,656855,2,644482,656853,8.71,100,871.0
2026-04-10 09:30:00.100,20260410,93000100,000009.SZ,656856,2,473954,656853,8.7,7000,60900.0
2026-04-10 09:30:00.130,20260410,93000130,000009.SZ,674688,-1,479695,0,0.0,1000,0.0
2026-04-10 09:30:00.160,20260410,93000160,000009.SZ,694445,1,694444,668841,8.71,2000,17420.0
2026-04-10 09:30:00.170,20260410,93000170,000009.SZ,698648,1,698647,668841,8.71,100,871.0
2026-04-10 09:30:00.180,20260410,93000180,000009.SZ,704958,1,704957,668841,8.71,500,4355.0
2026-04-10 09:30:00.180,20260410,93000180,000009.SZ,704959,1,704957,685002,8.71,1400,12194.0
2026-04-10 09:30:00.220,20260410,93000220,000009.SZ,718846,2,704957,718845,8.71,3100,27001.0
2026-04-10 09:30:00.220,20260410,93000220,000009.SZ,718847,2,707912,718845,8.71,1900,16549.0
2026-04-10 09:30:00.300,20260410,93000300,000009.SZ,747810,2,707912,747809,8.71,5000,43550.0
2026-04-10 09:30:00.360,20260410,93000360,000009.SZ,761293,2,707912,761292,8.71,1100,9581.0
2026-04-10 09:30:00.390,20260410,93000390,000009.SZ,768189,1,768188,282151,8.72,100,872.0
2026-04-10 09:30:00.390,20260410,93000390,000009.SZ,768190,1,768188,511468,8.72,1600,13952.0
2026-04-10 09:30:00.410,20260410,93000410,000009.SZ,771657,1,771656,511468,8.72,2800,24416.0
2026-04-10 09:30:00.540,20260410,93000540,000009.SZ,799368,2,707912,799367,8.71,100,871.0
2026-04-10 09:30:00.680,20260410,93000680,000009.SZ,824145,1,824144,511468,8.72,500,4360.0
2026-04-10 09:30:00.690,20260410,93000690,000009.SZ,826601,1,826600,511468,8.72,3400,29648.0
2026-04-10 09:30:00.840,20260410,93000840,000009.SZ,852039,-1,683735,0,0.0,2000,0.0
2026-04-10 09:30:01.080,20260410,93001080,000009.SZ,883058,1,883057,511468,8.72,2400,20928.0
2026-04-10 09:30:01.080,20260410,93001080,000009.SZ,883059,1,883057,816581,8.72,400,3488.0
2026-04-10 09:30:01.080,20260410,93001080,000009.SZ,883060,1,883057,826271,8.72,1400,12208.0
2026-04-10 09:30:01.110,20260410,93001110,000009.SZ,885746,2,883057,885745,8.72,1500,13080.0
2026-04-10 09:30:01.110,20260410,93001110,000009.SZ,885747,2,707912,885745,8.71,5000,43550.0
2026-04-10 09:30:01.110,20260410,93001110,000009.SZ,885748,2,714461,885745,8.71,500,4355.0
2026-04-10 09:30:01.110,20260410,93001110,000009.SZ,885749,2,783977,885745,8.71,500,4355.0
2026-04-10 09:30:01.110,20260410,93001110,000009.SZ,885750,2,791567,885745,8.71,500,4355.0
2026-04-10 09:30:01.440,20260410,93001440,000009.SZ,919178,2,901579,919177,8.72,1200,10464.0
2026-04-10 09:30:01.440,20260410,93001440,000009.SZ,919179,2,791567,919177,8.71,600,5226.0
2026-04-10 09:30:01.440,20260410,93001440,000009.SZ,919180,2,875373,919177,8.71,5000,43550.0
2026-04-10 09:30:01.440,20260410,93001440,000009.SZ,919181,2,883505,919177,8.71,600,5226.0
2026-04-10 09:30:01.440,20260410,93001440,000009.SZ,919182,2,900202,919177,8.71,100,871.0
2026-04-10 09:30:01.470,20260410,93001470,000009.SZ,922478,1,922477,919177,8.71,600,5226.0
2026-04-10 09:30:01.490,20260410,93001490,000009.SZ,924750,1,924749,919177,8.71,1900,16549.0
2026-04-10 09:30:01.680,20260410,93001680,000009.SZ,942444,-1,0,106469,0.0,500,0.0
2026-04-10 09:30:01.710,20260410,93001710,000009.SZ,945481,-1,944160,0,0.0,1100,0.0
2026-04-10 09:30:02.010,20260410,93002010,000009.SZ,975527,2,924749,975526,8.71,100,871.0
2026-04-10 09:30:02.130,20260410,93002130,000009.SZ,985951,-1,457983,0,0.0,12000,0.0
2026-04-10 09:30:02.170,20260410,93002170,000009.SZ,989970,2,924749,989969,8.71,100,871.0
2026-04-10 09:30:02.240,20260410,93002240,000009.SZ,997418,2,924749,997417,8.71,500,4355.0
2026-04-10 09:30:02.240,20260410,93002240,000009.SZ,997419,2,928725,997417,8.71,200,1742.0
2026-04-10 09:30:02.440,20260410,93002440,000009.SZ,1011440,-1,491509,0,0.0,2900,0.0
2026-04-10 09:30:02.570,20260410,93002570,000009.SZ,1020884,-1,929025,0,0.0,3600,0.0
2026-04-10 09:30:02.790,20260410,93002790,000009.SZ,1037769,2,928725,1037768,8.71,1000,8710.0
2026-04-10 09:30:02.950,20260410,93002950,000009.SZ,1048500,-1,192222,0,0.0,800,0.0
2026-04-10 09:30:03.090,20260410,93003090,000009.SZ,1057372,1,1057371,469377,8.73,1000,8730.0
2026-04-10 09:30:03.090,20260410,93003090,000009.SZ,1057373,1,1057371,683300,8.73,200,1746.0
2026-04-10 09:30:03.090,20260410,93003090,000009.SZ,1057374,1,1057371,744647,8.73,1800,15714.0
2026-04-10 09:30:03.090,20260410,93003090,000009.SZ,1057375,1,1057371,284649,8.74,1100,9614.0
2026-04-10 09:30:03.090,20260410,93003090,000009.SZ,1057376,1,1057371,308252,8.74,1000,8740.0
2026-04-10 09:30:03.090,20260410,93003090,000009.SZ,1057377,1,1057371,667803,8.74,500,4370.0
2026-04-10 09:30:03.090,20260410,93003090,000009.SZ,1057378,1,1057371,694638,8.74,2600,22724.0
2026-04-10 09:30:03.210,20260410,93003210,000009.SZ,1064867,2,928725,1064866,8.71,100,871.0
2026-04-10 09:30:03.310,20260410,93003310,000009.SZ,1074490,1,1074489,1064885,8.73,100,873.0
2026-04-10 09:30:03.340,20260410,93003340,000009.SZ,1075862,2,1065041,1075861,8.72,400,3488.0
2026-04-10 09:30:03.540,20260410,93003540,000009.SZ,1090261,2,1066826,1090260,8.72,500,4360.0
2026-04-10 09:30:03.970,20260410,93003970,000009.SZ,1116717,2,1066826,1116716,8.72,2700,23544.0
2026-04-10 09:30:03.970,20260410,93003970,000009.SZ,1116718,2,1066840,1116716,8.72,900,7848.0
2026-04-10 09:30:04.520,20260410,93004520,000009.SZ,1145133,-1,1060037,0,0.0,4000,0.0
2026-04-10 09:30:04.580,20260410,93004580,000009.SZ,1148496,2,1066840,1148495,8.72,1500,13080.0
2026-04-10 09:30:04.580,20260410,93004580,000009.SZ,1148497,2,928725,1148495,8.71,1800,15678.0
2026-04-10 09:30:04.580,20260410,93004580,000009.SZ,1148498,2,948496,1148495,8.71,1700,14807.0
2026-04-10 09:30:06.050,20260410,93006050,000009.SZ,1201328,2,948496,1201327,8.71,400,3484.0
2026-04-10 09:30:06.200,20260410,93006200,000009.SZ,1205559,2,948496,1205558,8.71,7900,68809.0
2026-04-10 09:30:06.200,20260410,93006200,000009.SZ,1205560,2,953388,1205558,8.71,300,2613.0
2026-04-10 09:30:06.200,20260410,93006200,000009.SZ,1205561,2,968101,1205558,8.71,200,1742.0
2026-04-10 09:30:06.200,20260410,93006200,000009.SZ,1205562,2,974937,1205558,8.71,200,1742.0
2026-04-10 09:30:06.200,20260410,93006200,000009.SZ,1205563,2,1015877,1205558,8.71,1400,12194.0
2026-04-10 09:30:06.250,20260410,93006250,000009.SZ,1206709,-1,760574,0,0.0,400,0.0
2026-04-10 09:30:06.270,20260410,93006270,000009.SZ,1207024,1,1207023,1064885,8.73,100,873.0
2026-04-10 09:30:06.390,20260410,93006390,000009.SZ,1213446,2,1015877,1213445,8.71,200,1742.0
2026-04-10 09:30:06.930,20260410,93006930,000009.SZ,1237622,1,1237621,1207229,8.72,100,872.0
2026-04-10 09:30:07.550,20260410,93007550,000009.SZ,1258441,2,1015877,1258440,8.71,200,1742.0
2026-04-10 09:30:07.570,20260410,93007570,000009.SZ,1259282,-1,0,1206678,0.0,2900,0.0
2026-04-10 09:30:07.620,20260410,93007620,000009.SZ,1260556,1,1260555,1207229,8.72,200,1744.0
2026-04-10 09:30:07.620,20260410,93007620,000009.SZ,1260557,1,1260555,1224932,8.72,200,1744.0
2026-04-10 09:30:07.620,20260410,93007620,000009.SZ,1260558,1,1260555,1064885,8.73,800,6984.0
2026-04-10 09:30:07.790,20260410,93007790,000009.SZ,1266683,1,1266682,1263950,8.72,300,2616.0
2026-04-10 09:30:07.790,20260410,93007790,000009.SZ,1266684,1,1266682,1064885,8.73,700,6111.0
2026-04-10 09:30:07.790,20260410,93007790,000009.SZ,1266685,1,1266682,1067350,8.73,400,3492.0
2026-04-10 09:30:07.790,20260410,93007790,000009.SZ,1266686,1,1266682,1118848,8.73,100,873.0
2026-04-10 09:30:07.790,20260410,93007790,000009.SZ,1266687,1,1266682,1119786,8.73,100,873.0
2026-04-10 09:30:07.790,20260410,93007790,000009.SZ,1266688,1,1266682,1242676,8.73,100,873.0
2026-04-10 09:30:07.840,20260410,93007840,000009.SZ,1268251,-1,443410,0,0.0,100,0.0
2026-04-10 09:30:08.770,20260410,93008770,000009.SZ,1285689,1,1285688,1267173,8.73,100,873.0
2026-04-10 09:30:09.160,20260410,93009160,000009.SZ,1293093,2,1015877,1293092,8.71,200,1742.0
2026-04-10 09:30:09.190,20260410,93009190,000009.SZ,1293637,2,1015877,1293636,8.71,200,1742.0
2026-04-10 09:30:09.200,20260410,93009200,000009.SZ,1293918,1,1293917,1267173,8.73,100,873.0
2026-04-10 09:30:09.210,20260410,93009210,000009.SZ,1294138,1,1294137,1270522,8.73,100,873.0
2026-04-10 09:30:09.210,20260410,93009210,000009.SZ,1294152,1,1294151,1276031,8.73,300,2619.0
2026-04-10 09:30:09.560,20260410,93009560,000009.SZ,1306077,2,1015877,1306076,8.71,200,1742.0
2026-04-10 09:30:09.700,20260410,93009700,000009.SZ,1309409,2,1015877,1309408,8.71,1200,10452.0
2026-04-10 09:30:10.620,20260410,93010620,000009.SZ,1334996,2,1015877,1334995,8.71,300,2613.0
2026-04-10 09:30:10.910,20260410,93010910,000009.SZ,1341787,1,1341786,1296189,8.72,100,872.0
2026-04-10 09:30:10.910,20260410,93010910,000009.SZ,1341788,1,1341786,1329509,8.72,200,1744.0
2026-04-10 09:30:10.910,20260410,93010910,000009.SZ,1341789,1,1341786,1276031,8.73,300,2619.0
2026-04-10 09:30:11.290,20260410,93011290,000009.SZ,1347823,2,1015877,1347822,8.71,300,2613.0
2026-04-10 09:30:12.290,20260410,93012290,000009.SZ,1363521,-1,28537,0,0.0,10000,0.0
2026-04-10 09:30:12.350,20260410,93012350,000009.SZ,1366199,2,1015877,1366198,8.71,5800,50518.0
2026-04-10 09:30:12.350,20260410,93012350,000009.SZ,1366200,2,1020614,1366198,8.71,2600,22646.0
2026-04-10 09:30:12.530,20260410,93012530,000009.SZ,1370909,-1,1092976,0,0.0,5600,0.0
2026-04-10 09:30:13.650,20260410,93013650,000009.SZ,1399837,-1,352599,0,0.0,1200,0.0
2026-04-10 09:30:13.880,20260410,93013880,000009.SZ,1406138,2,1020614,1406137,8.71,300,2613.0
2026-04-10 09:30:14.220,20260410,93014220,000009.SZ,1411593,2,1020614,1411592,8.71,300,2613.0
2026-04-10 09:30:15.150,20260410,93015150,000009.SZ,1424821,2,1020614,1424820,8.71,200,1742.0
2026-04-10 09:30:15.220,20260410,93015220,000009.SZ,1428407,2,1426760,1428406,8.72,100,872.0
2026-04-10 09:30:15.220,20260410,93015220,000009.SZ,1428409,2,1426760,1428408,8.72,200,1744.0
2026-04-10 09:30:15.220,20260410,93015220,000009.SZ,1428439,2,1426760,1428438,8.72,200,1744.0
2026-04-10 09:30:15.220,20260410,93015220,000009.SZ,1428459,2,1426760,1428458,8.72,600,5232.0
2026-04-10 09:30:15.220,20260410,93015220,000009.SZ,1428466,2,1426760,1428465,8.72,500,4360.0
2026-04-10 09:30:15.220,20260410,93015220,000009.SZ,1428484,2,1426760,1428483,8.72,100,872.0
2026-04-10 09:30:15.220,20260410,93015220,000009.SZ,1428499,2,1426760,1428498,8.72,100,872.0
2026-04-10 09:30:15.220,20260410,93015220,000009.SZ,1428512,2,1020614,1428511,8.71,100,871.0
2026-04-10 09:30:15.220,20260410,93015220,000009.SZ,1428516,2,1020614,1428515,8.71,700,6097.0
2026-04-10 09:30:15.220,20260410,93015220,000009.SZ,1428537,2,1020614,1428536,8.71,100,871.0
2026-04-10 09:30:15.220,20260410,93015220,000009.SZ,1428554,2,1020614,1428553,8.71,200,1742.0
2026-04-10 09:30:15.220,20260410,93015220,000009.SZ,1428575,2,1020614,1428574,8.71,200,1742.0
2026-04-10 09:30:15.220,20260410,93015220,000009.SZ,1428637,2,1020614,1428636,8.71,300,2613.0
2026-04-10 09:30:15.220,20260410,93015220,000009.SZ,1428640,2,1020614,1428639,8.71,400,3484.0
2026-04-10 09:30:15.220,20260410,93015220,000009.SZ,1428743,2,1020614,1428742,8.71,200,1742.0
2026-04-10 09:30:15.220,20260410,93015220,000009.SZ,1428749,2,1020614,1428748,8.71,400,3484.0
2026-04-10 09:30:15.220,20260410,93015220,000009.SZ,1428751,2,1020614,1428750,8.71,400,3484.0
2026-04-10 09:30:15.230,20260410,93015230,000009.SZ,1428801,2,1020614,1428800,8.71,1100,9581.0
2026-04-10 09:30:15.230,20260410,93015230,000009.SZ,1428807,2,1020614,1428806,8.71,800,6968.0
2026-04-10 09:30:15.230,20260410,93015230,000009.SZ,1428834,2,1020614,1428833,8.71,100,871.0
2026-04-10 09:30:15.230,20260410,93015230,000009.SZ,1428920,2,1020614,1428919,8.71,200,1742.0
2026-04-10 09:30:15.230,20260410,93015230,000009.SZ,1428995,2,1020614,1428994,8.71,200,1742.0
2026-04-10 09:30:15.640,20260410,93015640,000009.SZ,1439206,-1,0,1399556,0.0,2800,0.0
2026-04-10 09:30:16.210,20260410,93016210,000009.SZ,1450718,2,1020614,1450717,8.71,300,2613.0
2026-04-10 09:30:16.310,20260410,93016310,000009.SZ,1453295,-1,396085,0,0.0,500,0.0
2026-04-10 09:30:16.390,20260410,93016390,000009.SZ,1455291,-1,1368457,0,0.0,1900,0.0
2026-04-10 09:30:16.440,20260410,93016440,000009.SZ,1456596,-1,1368438,0,0.0,1900,0.0
2026-04-10 09:30:17.540,20260410,93017540,000009.SZ,1475521,1,1475520,1430352,8.72,600,5232.0
2026-04-10 09:30:17.540,20260410,93017540,000009.SZ,1475522,1,1475520,1436519,8.72,300,2616.0
2026-04-10 09:30:17.550,20260410,93017550,000009.SZ,1475572,1,1475571,1436519,8.72,100,872.0
2026-04-10 09:30:17.550,20260410,93017550,000009.SZ,1475573,1,1475571,1470041,8.72,400,3488.0
2026-04-10 09:30:18.260,20260410,93018260,000009.SZ,1485683,-1,1033214,0,0.0,2200,0.0
2026-04-10 09:30:18.310,20260410,93018310,000009.SZ,1487369,-1,1374046,0,0.0,100,0.0
2026-04-10 09:30:18.360,20260410,93018360,000009.SZ,1489152,1,1489151,1276031,8.73,100,873.0
2026-04-10 09:30:18.890,20260410,93018890,000009.SZ,1503254,-1,1212257,0,0.0,400,0.0
2026-04-10 09:30:19.220,20260410,93019220,000009.SZ,1508685,-1,1476090,0,0.0,900,0.0
2026-04-10 09:30:19.230,20260410,93019230,000009.SZ,1509065,-1,1475571,0,0.0,400,0.0
2026-04-10 09:30:19.740,20260410,93019740,000009.SZ,1520995,-1,292505,0,0.0,100,0.0
2026-04-10 09:30:21.240,20260410,93021240,000009.SZ,1544397,2,1487758,1544396,8.72,100,872.0
2026-04-10 09:30:21.240,20260410,93021240,000009.SZ,1544398,2,1503236,1544396,8.72,400,3488.0
2026-04-10 09:30:21.240,20260410,93021240,000009.SZ,1544399,2,1522155,1544396,8.72,1600,13952.0
2026-04-10 09:30:22.980,20260410,93022980,000009.SZ,1579735,1,1579734,1544396,8.72,700,6104.0
2026-04-10 09:30:23.460,20260410,93023460,000009.SZ,1585737,-1,900619,0,0.0,2000,0.0
2026-04-10 09:30:23.990,20260410,93023990,000009.SZ,1592415,-1,972996,0,0.0,100,0.0
2026-04-10 09:30:24.480,20260410,93024480,000009.SZ,1603361,-1,0,1412785,0.0,200,0.0
2026-04-10 09:30:24.640,20260410,93024640,000009.SZ,1607634,2,1020614,1607633,8.71,100,871.0
2026-04-10 09:30:25.590,20260410,93025590,000009.SZ,1626950,1,1626949,1544396,8.72,400,3488.0
2026-04-10 09:30:25.590,20260410,93025590,000009.SZ,1626951,1,1626949,1595746,8.72,300,2616.0
2026-04-10 09:30:25.590,20260410,93025590,000009.SZ,1626952,1,1626949,1603772,8.72,200,1744.0
2026-04-10 09:30:25.590,20260410,93025590,000009.SZ,1626953,1,1626949,1276031,8.73,2200,19206.0
2026-04-10 09:30:25.590,20260410,93025590,000009.SZ,1626954,1,1626949,1336934,8.73,200,1746.0
2026-04-10 09:30:25.590,20260410,93025590,000009.SZ,1626955,1,1626949,1415546,8.73,6300,54999.0
2026-04-10 09:30:27.150,20260410,93027150,000009.SZ,1649433,-1,0,1540922,0.0,100,0.0
2026-04-10 09:30:27.150,20260410,93027150,000009.SZ,1649445,-1,0,1540945,0.0,300,0.0
2026-04-10 09:30:27.150,20260410,93027150,000009.SZ,1649899,1,1649898,1637204,8.72,100,872.0
2026-04-10 09:30:27.540,20260410,93027540,000009.SZ,1658326,-1,0,1077828,0.0,200,0.0
2026-04-10 09:30:30.290,20260410,93030290,000009.SZ,1704720,2,1649900,1704719,8.72,100,872.0
2026-04-10 09:30:30.290,20260410,93030290,000009.SZ,1704721,2,1649903,1704719,8.72,100,872.0
2026-04-10 09:30:30.290,20260410,93030290,000009.SZ,1704722,2,1652014,1704719,8.72,100,872.0
2026-04-10 09:30:30.290,20260410,93030290,000009.SZ,1704723,2,1652147,1704719,8.72,100,872.0
2026-04-10 09:30:30.290,20260410,93030290,000009.SZ,1704724,2,1658217,1704719,8.72,400,3488.0
2026-04-10 09:30:30.610,20260410,93030610,000009.SZ,1711265,1,1711264,1704719,8.72,100,872.0
2026-04-10 09:30:32.050,20260410,93032050,000009.SZ,1740118,-1,0,639821,0.0,7500,0.0
2026-04-10 09:30:33.980,20260410,93033980,000009.SZ,1773839,1,1773838,1704719,8.72,200,1744.0
2026-04-10 09:30:34.020,20260410,93034020,000009.SZ,1774395,-1,1749395,0,0.0,100,0.0
2026-04-10 09:30:34.210,20260410,93034210,000009.SZ,1777217,1,1777216,1704719,8.72,100,872.0
2026-04-10 09:30:36.170,20260410,93036170,000009.SZ,1808548,1,1808547,1704719,8.72,1900,16568.0
2026-04-10 09:30:36.410,20260410,93036410,000009.SZ,1813895,1,1813894,1704719,8.72,100,872.0
2026-04-10 09:30:36.490,20260410,93036490,000009.SZ,1815712,2,1020614,1815711,8.71,3300,28743.0
2026-04-10 09:30:37.870,20260410,93037870,000009.SZ,1840210,1,1840209,1704719,8.72,2600,22672.0
2026-04-10 09:30:39.150,20260410,93039150,000009.SZ,1855654,1,1855653,1704719,8.72,4500,39240.0
2026-04-10 09:30:39.150,20260410,93039150,000009.SZ,1855791,1,1855790,1704719,8.72,1700,14824.0
2026-04-10 09:30:39.720,20260410,93039720,000009.SZ,1867998,-1,425601,0,0.0,200,0.0
2026-04-10 09:30:39.780,20260410,93039780,000009.SZ,1869522,2,1022057,1869521,8.71,300,2613.0
2026-04-10 09:30:41.610,20260410,93041610,000009.SZ,1899401,-1,0,1796640,0.0,1000,0.0
2026-04-10 09:30:42.150,20260410,93042150,000009.SZ,1906576,1,1906575,1704719,8.72,100,872.0
2026-04-10 09:30:42.150,20260410,93042150,000009.SZ,1906581,1,1906580,1704719,8.72,100,872.0
2026-04-10 09:30:42.150,20260410,93042150,000009.SZ,1906589,1,1906588,1704719,8.72,600,5232.0
2026-04-10 09:30:42.150,20260410,93042150,000009.SZ,1906607,1,1906606,1704719,8.72,300,2616.0
2026-04-10 09:30:42.150,20260410,93042150,000009.SZ,1906624,1,1906623,1704719,8.72,100,872.0
2026-04-10 09:30:42.150,20260410,93042150,000009.SZ,1906627,1,1906626,1704719,8.72,200,1744.0
2026-04-10 09:30:42.150,20260410,93042150,000009.SZ,1906631,1,1906630,1704719,8.72,100,872.0
2026-04-10 09:30:42.150,20260410,93042150,000009.SZ,1906635,1,1906634,1704719,8.72,100,872.0
2026-04-10 09:30:42.150,20260410,93042150,000009.SZ,1906745,1,1906744,1704719,8.72,300,2616.0
2026-04-10 09:30:42.150,20260410,93042150,000009.SZ,1906847,1,1906846,1704719,8.72,200,1744.0
2026-04-10 09:30:42.150,20260410,93042150,000009.SZ,1906859,1,1906858,1704719,8.72,200,1744.0
2026-04-10 09:30:42.150,20260410,93042150,000009.SZ,1906931,1,1906930,1704719,8.72,300,2616.0
2026-04-10 09:30:42.170,20260410,93042170,000009.SZ,1907437,1,1907436,1704719,8.72,1200,10464.0
2026-04-10 09:30:42.170,20260410,93042170,000009.SZ,1907605,1,1907604,1704719,8.72,200,1744.0
2026-04-10 09:30:42.470,20260410,93042470,000009.SZ,1914419,1,1914418,1704719,8.72,100,872.0
2026-04-10 09:30:42.610,20260410,93042610,000009.SZ,1916497,1,1916496,1704719,8.72,400,3488.0
2026-04-10 09:30:42.610,20260410,93042610,000009.SZ,1916505,1,1916504,1704719,8.72,100,872.0
2026-04-10 09:30:42.610,20260410,93042610,000009.SZ,1916527,1,1916526,1704719,8.72,200,1744.0
2026-04-10 09:30:43.580,20260410,93043580,000009.SZ,1935199,-1,0,1732398,0.0,1400,0.0
2026-04-10 09:30:44.570,20260410,93044570,000009.SZ,1947884,2,1022057,1947883,8.71,1400,12194.0
2026-04-10 09:30:44.600,20260410,93044600,000009.SZ,1948121,-1,364861,0,0.0,9900,0.0
2026-04-10 09:30:44.810,20260410,93044810,000009.SZ,1950607,-1,0,1945510,0.0,1300,0.0
2026-04-10 09:30:45.190,20260410,93045190,000009.SZ,1955008,1,1955007,1704719,8.72,100,872.0
2026-04-10 09:30:45.200,20260410,93045200,000009.SZ,1955103,1,1955102,1704719,8.72,100,872.0
2026-04-10 09:30:45.250,20260410,93045250,000009.SZ,1955938,-1,1855823,0,0.0,100,0.0
2026-04-10 09:30:45.260,20260410,93045260,000009.SZ,1955955,1,1955954,1704719,8.72,100,872.0
2026-04-10 09:30:45.260,20260410,93045260,000009.SZ,1955958,1,1955957,1704719,8.72,300,2616.0
2026-04-10 09:30:45.260,20260410,93045260,000009.SZ,1955960,1,1955959,1704719,8.72,100,872.0
2026-04-10 09:30:45.260,20260410,93045260,000009.SZ,1955967,1,1955966,1704719,8.72,1300,11336.0
2026-04-10 09:30:45.260,20260410,93045260,000009.SZ,1955969,1,1955968,1753767,8.72,100,872.0
2026-04-10 09:30:45.260,20260410,93045260,000009.SZ,1955970,1,1955968,1821914,8.72,200,1744.0
2026-04-10 09:30:45.260,20260410,93045260,000009.SZ,1955971,1,1955968,1873152,8.72,300,2616.0
2026-04-10 09:30:45.260,20260410,93045260,000009.SZ,1955973,1,1955972,1873152,8.72,200,1744.0
2026-04-10 09:30:45.260,20260410,93045260,000009.SZ,1955974,1,1955972,1924707,8.72,100,872.0
2026-04-10 09:30:45.260,20260410,93045260,000009.SZ,1955977,1,1955976,1924707,8.72,700,6104.0
2026-04-10 09:30:45.260,20260410,93045260,000009.SZ,1955979,1,1955978,1924707,8.72,1200,10464.0
2026-04-10 09:30:45.260,20260410,93045260,000009.SZ,1955981,1,1955980,1924707,8.72,200,1744.0
2026-04-10 09:30:45.260,20260410,93045260,000009.SZ,1956000,1,1955999,1924707,8.72,800,6976.0
2026-04-10 09:30:45.260,20260410,93045260,000009.SZ,1956002,1,1956001,1924707,8.72,1200,10464.0
2026-04-10 09:30:45.260,20260410,93045260,000009.SZ,1956005,1,1956004,1924707,8.72,800,6976.0
2026-04-10 09:30:45.260,20260410,93045260,000009.SZ,1956007,1,1956006,1924707,8.72,300,2616.0
2026-04-10 09:30:45.260,20260410,93045260,000009.SZ,1956010,1,1956009,1924707,8.72,4400,38368.0
2026-04-10 09:30:45.260,20260410,93045260,000009.SZ,1956015,1,1956014,1924707,8.72,200,1744.0
2026-04-10 09:30:45.260,20260410,93045260,000009.SZ,1956017,1,1956016,1924707,8.72,200,1744.0
2026-04-10 09:30:46.340,20260410,93046340,000009.SZ,1974938,2,1956016,1974937,8.72,2300,20056.0
2026-04-10 09:30:46.340,20260410,93046340,000009.SZ,1974939,2,1956019,1974937,8.72,700,6104.0
2026-04-10 09:30:46.340,20260410,93046340,000009.SZ,1974940,2,1956022,1974937,8.72,700,6104.0
2026-04-10 09:30:46.340,20260410,93046340,000009.SZ,1974941,2,1956023,1974937,8.72,2400,20928.0
2026-04-10 09:30:46.340,20260410,93046340,000009.SZ,1974942,2,1956024,1974937,8.72,1800,15696.0
2026-04-10 09:30:46.340,20260410,93046340,000009.SZ,1974943,2,1956025,1974937,8.72,1400,12208.0
2026-04-10 09:30:46.340,20260410,93046340,000009.SZ,1974944,2,1956026,1974937,8.72,500,4360.0
2026-04-10 09:30:46.340,20260410,93046340,000009.SZ,1974945,2,1956029,1974937,8.72,200,1744.0
2026-04-10 09:30:47.390,20260410,93047390,000009.SZ,1990271,-1,1988985,0,0.0,200,0.0
2026-04-10 09:30:47.800,20260410,93047800,000009.SZ,1995206,2,1956029,1995205,8.72,100,872.0
2026-04-10 09:30:47.800,20260410,93047800,000009.SZ,1995207,2,1956032,1995205,8.72,300,2616.0
2026-04-10 09:30:47.910,20260410,93047910,000009.SZ,1996364,2,1956032,1996363,8.72,200,1744.0
2026-04-10 09:30:47.910,20260410,93047910,000009.SZ,1996365,2,1956035,1996363,8.72,400,3488.0
2026-04-10 09:30:48.240,20260410,93048240,000009.SZ,2001505,-1,0,1505417,0.0,1400,0.0
2026-04-10 09:30:48.370,20260410,93048370,000009.SZ,2004254,1,2004253,1415546,8.73,100,873.0
2026-04-10 09:30:49.890,20260410,93049890,000009.SZ,2028832,2,1956035,2028831,8.72,1600,13952.0
2026-04-10 09:30:50.670,20260410,93050670,000009.SZ,2037495,2,1956035,2037494,8.72,900,7848.0
2026-04-10 09:30:50.750,20260410,93050750,000009.SZ,2038451,1,2038450,1415546,8.73,1100,9603.0
2026-04-10 09:30:50.750,20260410,93050750,000009.SZ,2038452,1,2038450,1532400,8.73,5000,43650.0
2026-04-10 09:30:50.750,20260410,93050750,000009.SZ,2038453,1,2038450,1559059,8.73,5000,43650.0
2026-04-10 09:30:50.750,20260410,93050750,000009.SZ,2038454,1,2038450,1688175,8.73,100,873.0
2026-04-10 09:30:50.750,20260410,93050750,000009.SZ,2038455,1,2038450,1760536,8.73,1500,13095.0
2026-04-10 09:30:50.750,20260410,93050750,000009.SZ,2038456,1,2038450,1842266,8.73,5000,43650.0
2026-04-10 09:30:50.750,20260410,93050750,000009.SZ,2038457,1,2038450,1911536,8.73,1500,13095.0
2026-04-10 09:30:50.750,20260410,93050750,000009.SZ,2038458,1,2038450,2000189,8.73,100,873.0
2026-04-10 09:30:50.750,20260410,93050750,000009.SZ,2038459,1,2038450,2011100,8.73,200,1746.0
2026-04-10 09:30:50.760,20260410,93050760,000009.SZ,2038580,-1,1956364,0,0.0,500,0.0
2026-04-10 09:30:51.150,20260410,93051150,000009.SZ,2043561,-1,1999458,0,0.0,100,0.0
2026-04-10 09:30:51.430,20260410,93051430,000009.SZ,2048214,-1,1807528,0,0.0,200,0.0
2026-04-10 09:30:51.430,20260410,93051430,000009.SZ,2048243,-1,1896988,0,0.0,100,0.0
2026-04-10 09:30:51.440,20260410,93051440,000009.SZ,2048251,-1,1897053,0,0.0,100,0.0
2026-04-10 09:30:51.680,20260410,93051680,000009.SZ,2053947,2,2038450,2053946,8.73,1000,8730.0
2026-04-10 09:30:51.860,20260410,93051860,000009.SZ,2056889,2,2038450,2056888,8.73,200,1746.0
2026-04-10 09:30:51.860,20260410,93051860,000009.SZ,2056890,2,2038897,2056888,8.73,400,3492.0
2026-04-10 09:30:51.860,20260410,93051860,000009.SZ,2056891,2,2046003,2056888,8.73,100,873.0
2026-04-10 09:30:52.190,20260410,93052190,000009.SZ,2060443,-1,1892926,0,0.0,100,0.0
2026-04-10 09:30:52.380,20260410,93052380,000009.SZ,2064404,-1,877645,0,0.0,3000,0.0
2026-04-10 09:30:52.510,20260410,93052510,000009.SZ,2066494,-1,1898211,0,0.0,100,0.0
2026-04-10 09:30:53.970,20260410,93053970,000009.SZ,2089626,-1,2058297,0,0.0,8900,0.0
2026-04-10 09:30:54.010,20260410,93054010,000009.SZ,2090211,1,2090210,694638,8.74,7400,64676.0
2026-04-10 09:30:54.010,20260410,93054010,000009.SZ,2090212,1,2090210,775420,8.74,100,874.0
2026-04-10 09:30:54.010,20260410,93054010,000009.SZ,2090213,1,2090210,888113,8.74,600,5244.0
2026-04-10 09:30:54.010,20260410,93054010,000009.SZ,2090214,1,2090210,946389,8.74,1000,8740.0
2026-04-10 09:30:54.010,20260410,93054010,000009.SZ,2090215,1,2090210,1100143,8.74,2000,17480.0
2026-04-10 09:30:54.010,20260410,93054010,000009.SZ,2090216,1,2090210,1121408,8.74,600,5244.0
2026-04-10 09:30:54.010,20260410,93054010,000009.SZ,2090217,1,2090210,1204441,8.74,2000,17480.0
2026-04-10 09:30:54.010,20260410,93054010,000009.SZ,2090218,1,2090210,1416786,8.74,13500,117990.0
2026-04-10 09:30:54.010,20260410,93054010,000009.SZ,2090269,1,2090268,1416786,8.74,16500,144210.0
2026-04-10 09:30:54.010,20260410,93054010,000009.SZ,2090270,1,2090268,1484264,8.74,100,874.0
2026-04-10 09:30:54.010,20260410,93054010,000009.SZ,2090271,1,2090268,1597715,8.74,200,1748.0
2026-04-10 09:30:54.010,20260410,93054010,000009.SZ,2090272,1,2090268,1626589,8.74,2000,17480.0
2026-04-10 09:30:54.010,20260410,93054010,000009.SZ,2090273,1,2090268,146273,8.75,800,7000.0
2026-04-10 09:30:54.010,20260410,93054010,000009.SZ,2090274,1,2090268,291925,8.75,2500,21875.0
2026-04-10 09:30:54.010,20260410,93054010,000009.SZ,2090275,1,2090268,301803,8.75,5900,51625.0
2026-04-10 09:30:54.010,20260410,93054010,000009.SZ,2090276,1,2090268,314507,8.75,200,1750.0
2026-04-10 09:30:54.010,20260410,93054010,000009.SZ,2090277,1,2090268,371412,8.75,2000,17500.0
2026-04-10 09:30:54.010,20260410,93054010,000009.SZ,2090278,1,2090268,411984,8.75,2000,17500.0
2026-04-10 09:30:54.010,20260410,93054010,000009.SZ,2090279,1,2090268,442628,8.75,30000,262500.0
2026-04-10 09:30:54.010,20260410,93054010,000009.SZ,2090280,1,2090268,477672,8.75,700,6125.0
2026-04-10 09:30:54.010,20260410,93054010,000009.SZ,2090281,1,2090268,655567,8.75,1000,8750.0
2026-04-10 09:30:54.010,20260410,93054010,000009.SZ,2090282,1,2090268,676288,8.75,2000,17500.0
2026-04-10 09:30:54.010,20260410,93054010,000009.SZ,2090283,1,2090268,762164,8.75,1900,16625.0
2026-04-10 09:30:54.010,20260410,93054010,000009.SZ,2090284,1,2090268,769612,8.75,3800,33250.0
2026-04-10 09:30:54.010,20260410,93054010,000009.SZ,2090285,1,2090268,839584,8.75,200,1750.0
2026-04-10 09:30:54.010,20260410,93054010,000009.SZ,2090286,1,2090268,1484247,8.75,200,1750.0
2026-04-10 09:30:54.010,20260410,93054010,000009.SZ,2090287,1,2090268,1801680,8.75,20000,175000.0
2026-04-10 09:30:54.010,20260410,93054010,000009.SZ,2090288,1,2090268,1930602,8.75,2000,17500.0
2026-04-10 09:30:54.010,20260410,93054010,000009.SZ,2090289,1,2090268,2005120,8.75,2300,20125.0
2026-04-10 09:30:54.010,20260410,93054010,000009.SZ,2090291,1,2090290,2005120,8.75,2700,23625.0
2026-04-10 09:30:54.190,20260410,93054190,000009.SZ,2093159,1,2093158,20162,8.76,100,876.0
2026-04-10 09:30:54.230,20260410,93054230,000009.SZ,2094745,2,2090359,2094744,8.75,300,2625.0
2026-04-10 09:30:54.410,20260410,93054410,000009.SZ,2099540,2,2090359,2099539,8.75,400,3500.0
2026-04-10 09:30:54.470,20260410,93054470,000009.SZ,2101476,2,2090359,2101475,8.75,1600,14000.0
2026-04-10 09:30:54.690,20260410,93054690,000009.SZ,2105820,2,2090359,2105819,8.75,7500,65625.0
2026-04-10 09:30:55.050,20260410,93055050,000009.SZ,2113795,-1,2090359,0,0.0,17400,0.0
2026-04-10 09:30:56.020,20260410,93056020,000009.SZ,2130454,1,2130453,20162,8.76,700,6132.0
2026-04-10 09:30:56.020,20260410,93056020,000009.SZ,2130455,1,2130453,267611,8.76,200,1752.0
2026-04-10 09:30:56.020,20260410,93056020,000009.SZ,2130456,1,2130453,274908,8.76,400,3504.0
2026-04-10 09:30:56.020,20260410,93056020,000009.SZ,2130457,1,2130453,284003,8.76,100,876.0
2026-04-10 09:30:56.020,20260410,93056020,000009.SZ,2130458,1,2130453,446787,8.76,1500,13140.0
2026-04-10 09:30:56.200,20260410,93056200,000009.SZ,2133207,-1,267490,0,0.0,200,0.0
2026-04-10 09:30:56.250,20260410,93056250,000009.SZ,2134125,-1,274917,0,0.0,400,0.0
2026-04-10 09:30:56.470,20260410,93056470,000009.SZ,2138579,2,2095168,2138578,8.75,100,875.0
2026-04-10 09:30:56.470,20260410,93056470,000009.SZ,2138580,2,2095620,2138578,8.75,100,875.0
2026-04-10 09:30:56.470,20260410,93056470,000009.SZ,2138581,2,2095924,2138578,8.75,100,875.0
2026-04-10 09:30:56.470,20260410,93056470,000009.SZ,2138582,2,2096032,2138578,8.75,100,875.0
2026-04-10 09:30:56.470,20260410,93056470,000009.SZ,2138583,2,2097224,2138578,8.75,200,1750.0
2026-04-10 09:30:56.470,20260410,93056470,000009.SZ,2138584,2,2125990,2138578,8.75,300,2625.0
2026-04-10 09:30:56.470,20260410,93056470,000009.SZ,2138585,2,2110278,2138578,8.74,100,874.0
2026-04-10 09:30:56.510,20260410,93056510,000009.SZ,2139532,1,2139531,446787,8.76,400,3504.0
2026-04-10 09:30:56.680,20260410,93056680,000009.SZ,2142114,-1,0,1639404,0.0,1000,0.0
2026-04-10 09:30:56.680,20260410,93056680,000009.SZ,2142121,-1,0,1578693,0.0,1000,0.0
2026-04-10 09:30:56.680,20260410,93056680,000009.SZ,2142122,-1,0,1708554,0.0,1000,0.0
2026-04-10 09:30:56.680,20260410,93056680,000009.SZ,2142123,-1,0,1504648,0.0,1000,0.0
2026-04-10 09:30:56.680,20260410,93056680,000009.SZ,2142124,-1,0,1251081,0.0,2500,0.0
2026-04-10 09:30:56.710,20260410,93056710,000009.SZ,2142613,1,2142612,446787,8.76,100,876.0
2026-04-10 09:30:56.710,20260410,93056710,000009.SZ,2142617,1,2142616,446787,8.76,200,1752.0
2026-04-10 09:30:56.710,20260410,93056710,000009.SZ,2142622,1,2142621,446787,8.76,100,876.0
2026-04-10 09:30:56.710,20260410,93056710,000009.SZ,2142628,1,2142627,446787,8.76,100,876.0
2026-04-10 09:30:56.900,20260410,93056900,000009.SZ,2145534,-1,422632,0,0.0,900,0.0
2026-04-10 09:30:56.970,20260410,93056970,000009.SZ,2146828,-1,1970253,0,0.0,17300,0.0
2026-04-10 09:30:57.220,20260410,93057220,000009.SZ,2151082,-1,1967629,0,0.0,100,0.0
2026-04-10 09:30:57.220,20260410,93057220,000009.SZ,2151084,1,2151083,446787,8.76,100,876.0
2026-04-10 09:30:57.220,20260410,93057220,000009.SZ,2151086,1,2151085,446787,8.76,100,876.0
2026-04-10 09:30:57.220,20260410,93057220,000009.SZ,2151088,1,2151087,446787,8.76,2900,25404.0
2026-04-10 09:30:57.220,20260410,93057220,000009.SZ,2151091,-1,1967638,0,0.0,300,0.0
2026-04-10 09:30:57.220,20260410,93057220,000009.SZ,2151092,-1,1988643,0,0.0,700,0.0
2026-04-10 09:30:57.220,20260410,93057220,000009.SZ,2151094,-1,1988642,0,0.0,100,0.0
2026-04-10 09:30:57.220,20260410,93057220,000009.SZ,2151137,-1,1967694,0,0.0,200,0.0
2026-04-10 09:30:57.220,20260410,93057220,000009.SZ,2151161,1,2151160,446787,8.76,700,6132.0
2026-04-10 09:30:57.230,20260410,93057230,000009.SZ,2151223,1,2151222,446787,8.76,3400,29784.0
2026-04-10 09:30:57.230,20260410,93057230,000009.SZ,2151225,1,2151224,446787,8.76,800,7008.0
2026-04-10 09:30:57.230,20260410,93057230,000009.SZ,2151230,1,2151229,446787,8.76,1600,14016.0
2026-04-10 09:30:57.230,20260410,93057230,000009.SZ,2151320,1,2151319,446787,8.76,400,3504.0
2026-04-10 09:30:57.230,20260410,93057230,000009.SZ,2151385,1,2151384,446787,8.76,1700,14892.0
2026-04-10 09:30:57.240,20260410,93057240,000009.SZ,2151438,1,2151437,446787,8.76,1800,15768.0
2026-04-10 09:30:57.600,20260410,93057600,000009.SZ,2159526,1,2159525,446787,8.76,100,876.0
2026-04-10 09:30:57.830,20260410,93057830,000009.SZ,2164038,1,2164037,446787,8.76,14000,122640.0
2026-04-10 09:30:57.830,20260410,93057830,000009.SZ,2164039,1,2164037,455463,8.76,500,4380.0
2026-04-10 09:30:57.830,20260410,93057830,000009.SZ,2164040,1,2164037,501961,8.76,10000,87600.0
2026-04-10 09:30:57.830,20260410,93057830,000009.SZ,2164041,1,2164037,504169,8.76,600,5256.0
2026-04-10 09:30:57.830,20260410,93057830,000009.SZ,2164042,1,2164037,631769,8.76,26500,232140.0
2026-04-10 09:30:58.060,20260410,93058060,000009.SZ,2167467,1,2167466,631769,8.76,200,1752.0
2026-04-10 09:30:58.750,20260410,93058750,000009.SZ,2181143,1,2181142,631769,8.76,3300,28908.0
2026-04-10 09:30:58.750,20260410,93058750,000009.SZ,2181144,1,2181142,750833,8.76,1200,10512.0
2026-04-10 09:30:58.750,20260410,93058750,000009.SZ,2181145,1,2181142,960547,8.76,1800,15768.0
2026-04-10 09:30:58.780,20260410,93058780,000009.SZ,2181620,1,2181619,960547,8.76,100,876.0
2026-04-10 09:30:58.780,20260410,93058780,000009.SZ,2181635,1,2181634,960547,8.76,100,876.0
2026-04-10 09:30:58.780,20260410,93058780,000009.SZ,2181658,1,2181657,960547,8.76,8300,72708.0
2026-04-10 09:30:58.780,20260410,93058780,000009.SZ,2181699,1,2181698,960547,8.76,2800,24528.0
2026-04-10 09:30:58.780,20260410,93058780,000009.SZ,2181700,1,2181698,996776,8.76,5500,48180.0
2026-04-10 09:30:58.780,20260410,93058780,000009.SZ,2181711,1,2181710,996776,8.76,2400,21024.0
2026-04-10 09:30:58.780,20260410,93058780,000009.SZ,2181740,1,2181739,996776,8.76,5700,49932.0
2026-04-10 09:30:58.780,20260410,93058780,000009.SZ,2181741,1,2181739,1065145,8.76,800,7008.0
2026-04-10 09:30:58.780,20260410,93058780,000009.SZ,2181742,1,2181739,1746719,8.76,1000,8760.0
2026-04-10 09:30:58.780,20260410,93058780,000009.SZ,2181743,1,2181739,2147060,8.76,2000,17520.0
2026-04-10 09:30:58.780,20260410,93058780,000009.SZ,2181744,1,2181739,2153168,8.76,100,876.0
2026-04-10 09:30:59.200,20260410,93059200,000009.SZ,2188815,-1,1987894,0,0.0,100,0.0
2026-04-10 09:30:59.470,20260410,93059470,000009.SZ,2193816,1,2193815,76738,8.77,500,4385.0
2026-04-10 09:30:59.470,20260410,93059470,000009.SZ,2193871,1,2193870,76738,8.77,100,877.0
2026-04-10 09:30:59.480,20260410,93059480,000009.SZ,2193941,-1,2181652,0,0.0,200,0.0
2026-04-10 09:30:59.480,20260410,93059480,000009.SZ,2193942,-1,2145149,0,0.0,100,0.0
2026-04-10 09:30:59.480,20260410,93059480,000009.SZ,2193943,-1,2181650,0,0.0,100,0.0
2026-04-10 09:30:59.490,20260410,93059490,000009.SZ,2194118,-1,2193347,0,0.0,300,0.0
2026-04-10 09:30:59.740,20260410,93059740,000009.SZ,2198046,2,2181739,2198045,8.76,700,6132.0
2026-04-10 09:31:00.040,20260410,93100040,000009.SZ,2203581,2,2181739,2203580,8.76,1000,8760.0
2026-04-10 09:31:00.170,20260410,93100170,000009.SZ,2206535,1,2206534,76738,8.77,800,7016.0
2026-04-10 09:31:00.170,20260410,93100170,000009.SZ,2206537,1,2206536,76738,8.77,1000,8770.0
2026-04-10 09:31:00.170,20260410,93100170,000009.SZ,2206539,1,2206538,76738,8.77,700,6139.0
2026-04-10 09:31:00.170,20260410,93100170,000009.SZ,2206542,1,2206541,76738,8.77,1300,11401.0
2026-04-10 09:31:00.170,20260410,93100170,000009.SZ,2206546,1,2206545,76738,8.77,200,1754.0
2026-04-10 09:31:00.170,20260410,93100170,000009.SZ,2206548,1,2206547,76738,8.77,200,1754.0
2026-04-10 09:31:00.170,20260410,93100170,000009.SZ,2206550,1,2206549,76738,8.77,100,877.0
2026-04-10 09:31:00.170,20260410,93100170,000009.SZ,2206552,1,2206551,76738,8.77,100,877.0
2026-04-10 09:31:00.170,20260410,93100170,000009.SZ,2206554,1,2206553,96339,8.77,800,7016.0
2026-04-10 09:31:00.170,20260410,93100170,000009.SZ,2206555,1,2206553,256541,8.77,200,1754.0
2026-04-10 09:31:00.170,20260410,93100170,000009.SZ,2206557,1,2206556,256541,8.77,300,2631.0
2026-04-10 09:31:00.170,20260410,93100170,000009.SZ,2206559,1,2206558,256541,8.77,300,2631.0
2026-04-10 09:31:00.170,20260410,93100170,000009.SZ,2206571,1,2206570,256541,8.77,100,877.0
2026-04-10 09:31:00.170,20260410,93100170,000009.SZ,2206573,1,2206572,256541,8.77,100,877.0
2026-04-10 09:31:00.170,20260410,93100170,000009.SZ,2206574,1,2206572,709319,8.77,300,2631.0
2026-04-10 09:31:00.170,20260410,93100170,000009.SZ,2206576,1,2206575,709319,8.77,100,877.0
2026-04-10 09:31:00.170,20260410,93100170,000009.SZ,2206584,1,2206583,709319,8.77,200,1754.0
2026-04-10 09:31:00.170,20260410,93100170,000009.SZ,2206586,1,2206585,709319,8.77,200,1754.0
2026-04-10 09:31:00.170,20260410,93100170,000009.SZ,2206588,1,2206587,709319,8.77,200,1754.0
2026-04-10 09:31:00.170,20260410,93100170,000009.SZ,2206589,1,2206587,716811,8.77,100,877.0
2026-04-10 09:31:00.170,20260410,93100170,000009.SZ,2206595,1,2206594,716811,8.77,500,4385.0
2026-04-10 09:31:00.170,20260410,93100170,000009.SZ,2206597,1,2206596,716811,8.77,400,3508.0
2026-04-10 09:31:00.170,20260410,93100170,000009.SZ,2206599,1,2206598,782898,8.77,1000,8770.0
2026-04-10 09:31:00.170,20260410,93100170,000009.SZ,2206600,1,2206598,815610,8.77,1000,8770.0
2026-04-10 09:31:00.170,20260410,93100170,000009.SZ,2206601,1,2206598,836043,8.77,1000,8770.0
2026-04-10 09:31:00.170,20260410,93100170,000009.SZ,2206603,1,2206602,836043,8.77,600,5262.0
2026-04-10 09:31:00.170,20260410,93100170,000009.SZ,2206604,1,2206602,857813,8.77,500,4385.0
2026-04-10 09:31:00.170,20260410,93100170,000009.SZ,2206605,1,2206602,1150111,8.77,500,4385.0
2026-04-10 09:31:00.170,20260410,93100170,000009.SZ,2206609,1,2206608,1688290,8.77,300,2631.0
2026-04-10 09:31:00.170,20260410,93100170,000009.SZ,2206613,1,2206612,1688290,8.77,300,2631.0
2026-04-10 09:31:00.170,20260410,93100170,000009.SZ,2206619,1,2206618,1688290,8.77,400,3508.0
2026-04-10 09:31:00.360,20260410,93100360,000009.SZ,2212519,2,2206618,2212518,8.77,900,7893.0
2026-04-10 09:31:00.360,20260410,93100360,000009.SZ,2212520,2,2206628,2212518,8.77,500,4385.0
2026-04-10 09:31:00.360,20260410,93100360,000009.SZ,2212521,2,2206629,2212518,8.77,100,877.0
2026-04-10 09:31:00.360,20260410,93100360,000009.SZ,2212522,2,2206632,2212518,8.77,100,877.0
2026-04-10 09:31:00.360,20260410,93100360,000009.SZ,2212523,2,2206633,2212518,8.77,200,1754.0
2026-04-10 09:31:00.360,20260410,93100360,000009.SZ,2212524,2,2206634,2212518,8.77,300,2631.0
2026-04-10 09:31:00.360,20260410,93100360,000009.SZ,2212525,2,2206636,2212518,8.77,400,3508.0
2026-04-10 09:31:00.450,20260410,93100450,000009.SZ,2214940,-1,2110278,0,0.0,2300,0.0
2026-04-10 09:31:00.450,20260410,93100450,000009.SZ,2214941,-1,2110280,0,0.0,8900,0.0
2026-04-10 09:31:00.760,20260410,93100760,000009.SZ,2224294,2,2206636,2224293,8.77,100,877.0
2026-04-10 09:31:00.890,20260410,93100890,000009.SZ,2228085,1,2228084,235593,8.78,1700,14926.0
2026-04-10 09:31:00.890,20260410,93100890,000009.SZ,2228086,1,2228084,285988,8.78,1900,16682.0
2026-04-10 09:31:00.890,20260410,93100890,000009.SZ,2228127,1,2228126,285988,8.78,3200,28096.0
2026-04-10 09:31:00.890,20260410,93100890,000009.SZ,2228128,1,2228126,423593,8.78,200,1756.0
2026-04-10 09:31:00.890,20260410,93100890,000009.SZ,2228129,1,2228126,435877,8.78,1100,9658.0
2026-04-10 09:31:00.900,20260410,93100900,000009.SZ,2228156,1,2228155,435877,8.78,3200,28096.0
2026-04-10 09:31:00.900,20260410,93100900,000009.SZ,2228157,1,2228155,670630,8.78,1000,8780.0
2026-04-10 09:31:00.900,20260410,93100900,000009.SZ,2228167,1,2228166,764962,8.78,3100,27218.0
2026-04-10 09:31:00.900,20260410,93100900,000009.SZ,2228203,1,2228202,764962,8.78,900,7902.0
2026-04-10 09:31:00.900,20260410,93100900,000009.SZ,2228204,1,2228202,769649,8.78,3900,34242.0
2026-04-10 09:31:00.900,20260410,93100900,000009.SZ,2228205,1,2228202,1674608,8.78,1000,8780.0
2026-04-10 09:31:00.930,20260410,93100930,000009.SZ,2229209,1,2229208,1674608,8.78,1000,8780.0
2026-04-10 09:31:00.930,20260410,93100930,000009.SZ,2229210,1,2229208,1890903,8.78,200,1756.0
2026-04-10 09:31:00.930,20260410,93100930,000009.SZ,2229211,1,2229208,1894354,8.78,400,3512.0
2026-04-10 09:31:00.930,20260410,93100930,000009.SZ,2229212,1,2229208,2058541,8.78,1100,9658.0
2026-04-10 09:31:01.060,20260410,93101060,000009.SZ,2232435,1,2232434,61620,8.79,400,3516.0
2026-04-10 09:31:01.070,20260410,93101070,000009.SZ,2232598,1,2232597,61620,8.79,900,7911.0
2026-04-10 09:31:01.080,20260410,93101080,000009.SZ,2232972,-1,1956035,0,0.0,2700,0.0
2026-04-10 09:31:01.270,20260410,93101270,000009.SZ,2238126,2,2229208,2238125,8.78,2300,20194.0
2026-04-10 09:31:01.330,20260410,93101330,000009.SZ,2240010,2,2231380,2240009,8.78,400,3512.0
2026-04-10 09:31:01.390,20260410,93101390,000009.SZ,2242073,1,2242072,61620,8.79,6500,57135.0
2026-04-10 09:31:01.770,20260410,93101770,000009.SZ,2252200,2,2231380,2252199,8.78,1100,9658.0
2026-04-10 09:31:01.960,20260410,93101960,000009.SZ,2255993,-1,1010096,0,0.0,700,0.0
2026-04-10 09:31:02.140,20260410,93102140,000009.SZ,2259797,-1,2059912,0,0.0,4700,0.0
2026-04-10 09:31:02.290,20260410,93102290,000009.SZ,2262792,-1,2046003,0,0.0,2700,0.0
2026-04-10 09:31:02.370,20260410,93102370,000009.SZ,2264404,2,2231380,2264403,8.78,1200,10536.0
2026-04-10 09:31:02.370,20260410,93102370,000009.SZ,2264405,2,2231571,2264403,8.78,200,1756.0
2026-04-10 09:31:02.370,20260410,93102370,000009.SZ,2264406,2,2235844,2264403,8.78,600,5268.0
2026-04-10 09:31:02.370,20260410,93102370,000009.SZ,2264407,2,2238010,2264403,8.78,100,878.0
2026-04-10 09:31:02.370,20260410,93102370,000009.SZ,2264408,2,2239567,2264403,8.78,300,2634.0
2026-04-10 09:31:02.370,20260410,93102370,000009.SZ,2264409,2,2240438,2264403,8.78,900,7902.0
2026-04-10 09:31:02.370,20260410,93102370,000009.SZ,2264410,2,2240722,2264403,8.78,400,3512.0
2026-04-10 09:31:02.370,20260410,93102370,000009.SZ,2264411,2,2242228,2264403,8.78,900,7902.0
2026-04-10 09:31:02.370,20260410,93102370,000009.SZ,2264412,2,2242900,2264403,8.78,200,1756.0
2026-04-10 09:31:02.370,20260410,93102370,000009.SZ,2264413,2,2243624,2264403,8.78,100,878.0
2026-04-10 09:31:02.370,20260410,93102370,000009.SZ,2264414,2,2243798,2264403,8.78,100,878.0
2026-04-10 09:31:02.370,20260410,93102370,000009.SZ,2264415,2,2244277,2264403,8.78,400,3512.0
2026-04-10 09:31:02.370,20260410,93102370,000009.SZ,2264416,2,2245056,2264403,8.78,200,1756.0
2026-04-10 09:31:02.370,20260410,93102370,000009.SZ,2264417,2,2247147,2264403,8.78,100,878.0
2026-04-10 09:31:02.370,20260410,93102370,000009.SZ,2264418,2,2252631,2264403,8.78,200,1756.0
2026-04-10 09:31:02.370,20260410,93102370,000009.SZ,2264419,2,2253179,2264403,8.78,100,878.0
2026-04-10 09:31:02.630,20260410,93102630,000009.SZ,2269848,2,2206636,2269847,8.77,800,7016.0
2026-04-10 09:31:02.630,20260410,93102630,000009.SZ,2269849,2,2206641,2269847,8.77,100,877.0
2026-04-10 09:31:02.630,20260410,93102630,000009.SZ,2269850,2,2206649,2269847,8.77,400,3508.0
2026-04-10 09:31:02.630,20260410,93102630,000009.SZ,2269851,2,2206654,2269847,8.77,200,1754.0
2026-04-10 09:31:02.630,20260410,93102630,000009.SZ,2269852,2,2206655,2269847,8.77,100,877.0
2026-04-10 09:31:02.630,20260410,93102630,000009.SZ,2269853,2,2206657,2269847,8.77,100,877.0
2026-04-10 09:31:02.630,20260410,93102630,000009.SZ,2269854,2,2206658,2269847,8.77,100,877.0
2026-04-10 09:31:02.630,20260410,93102630,000009.SZ,2269855,2,2206659,2269847,8.77,100,877.0
2026-04-10 09:31:02.630,20260410,93102630,000009.SZ,2269856,2,2206660,2269847,8.77,200,1754.0
2026-04-10 09:31:02.630,20260410,93102630,000009.SZ,2269857,2,2206661,2269847,8.77,100,877.0
2026-04-10 09:31:02.630,20260410,93102630,000009.SZ,2269858,2,2206663,2269847,8.77,200,1754.0
2026-04-10 09:31:02.630,20260410,93102630,000009.SZ,2269859,2,2206668,2269847,8.77,300,2631.0
2026-04-10 09:31:02.630,20260410,93102630,000009.SZ,2269860,2,2206669,2269847,8.77,200,1754.0
2026-04-10 09:31:02.630,20260410,93102630,000009.SZ,2269861,2,2206676,2269847,8.77,100,877.0
2026-04-10 09:31:02.630,20260410,93102630,000009.SZ,2269862,2,2206677,2269847,8.77,100,877.0
2026-04-10 09:31:02.630,20260410,93102630,000009.SZ,2269863,2,2206680,2269847,8.77,100,877.0
2026-04-10 09:31:02.630,20260410,93102630,000009.SZ,2269864,2,2206681,2269847,8.77,100,877.0
2026-04-10 09:31:02.630,20260410,93102630,000009.SZ,2269865,2,2206683,2269847,8.77,200,1754.0
2026-04-10 09:31:02.630,20260410,93102630,000009.SZ,2269866,2,2206684,2269847,8.77,200,1754.0
2026-04-10 09:31:02.630,20260410,93102630,000009.SZ,2269867,2,2206685,2269847,8.77,200,1754.0
2026-04-10 09:31:02.630,20260410,93102630,000009.SZ,2269868,2,2206690,2269847,8.77,100,877.0
2026-04-10 09:31:02.630,20260410,93102630,000009.SZ,2269869,2,2206692,2269847,8.77,200,1754.0
2026-04-10 09:31:02.630,20260410,93102630,000009.SZ,2269870,2,2206695,2269847,8.77,200,1754.0
2026-04-10 09:31:02.630,20260410,93102630,000009.SZ,2269871,2,2206697,2269847,8.77,1900,16663.0
2026-04-10 09:31:02.630,20260410,93102630,000009.SZ,2269872,2,2206699,2269847,8.77,200,1754.0
2026-04-10 09:31:02.630,20260410,93102630,000009.SZ,2269873,2,2206701,2269847,8.77,500,4385.0
2026-04-10 09:31:02.630,20260410,93102630,000009.SZ,2269874,2,2206705,2269847,8.77,300,2631.0
2026-04-10 09:31:02.630,20260410,93102630,000009.SZ,2269875,2,2206710,2269847,8.77,200,1754.0
2026-04-10 09:31:02.630,20260410,93102630,000009.SZ,2269876,2,2206711,2269847,8.77,100,877.0
2026-04-10 09:31:02.630,20260410,93102630,000009.SZ,2269877,2,2206720,2269847,8.77,200,1754.0
2026-04-10 09:31:02.630,20260410,93102630,000009.SZ,2269878,2,2206721,2269847,8.77,200,1754.0
2026-04-10 09:31:02.630,20260410,93102630,000009.SZ,2269879,2,2206722,2269847,8.77,300,2631.0
2026-04-10 09:31:03.010,20260410,93103010,000009.SZ,2278094,-1,2041663,0,0.0,100,0.0
2026-04-10 09:31:03.150,20260410,93103150,000009.SZ,2281599,1,2281598,61620,8.79,200,1758.0
2026-04-10 09:31:03.150,20260410,93103150,000009.SZ,2281602,-1,2231266,0,0.0,1900,0.0
2026-04-10 09:31:03.150,20260410,93103150,000009.SZ,2281604,1,2281603,61620,8.79,400,3516.0
2026-04-10 09:31:03.150,20260410,93103150,000009.SZ,2281609,1,2281608,61620,8.79,200,1758.0
2026-04-10 09:31:03.150,20260410,93103150,000009.SZ,2281620,-1,2231989,0,0.0,1700,0.0
2026-04-10 09:31:03.440,20260410,93103440,000009.SZ,2288632,-1,2082132,0,0.0,100,0.0
2026-04-10 09:31:03.440,20260410,93103440,000009.SZ,2288638,-1,2082158,0,0.0,100,0.0
2026-04-10 09:31:03.580,20260410,93103580,000009.SZ,2292862,2,2206724,2292861,8.77,400,3508.0
2026-04-10 09:31:03.850,20260410,93103850,000009.SZ,2299654,2,2206724,2299653,8.77,200,1754.0
2026-04-10 09:31:03.890,20260410,93103890,000009.SZ,2300501,2,2206724,2300500,8.77,600,5262.0
2026-04-10 09:31:04.100,20260410,93104100,000009.SZ,2304755,2,2206724,2304754,8.77,600,5262.0
2026-04-10 09:31:04.100,20260410,93104100,000009.SZ,2304756,2,2206729,2304754,8.77,400,3508.0
2026-04-10 09:31:04.190,20260410,93104190,000009.SZ,2306494,-1,2077351,0,0.0,100,0.0
2026-04-10 09:31:04.520,20260410,93104520,000009.SZ,2314573,-1,2082898,0,0.0,100,0.0
2026-04-10 09:31:05.160,20260410,93105160,000009.SZ,2325910,2,2206729,2325909,8.77,600,5262.0
2026-04-10 09:31:05.160,20260410,93105160,000009.SZ,2325911,2,2206730,2325909,8.77,800,7016.0
2026-04-10 09:31:05.160,20260410,93105160,000009.SZ,2325912,2,2206732,2325909,8.77,300,2631.0
2026-04-10 09:31:05.160,20260410,93105160,000009.SZ,2325913,2,2206737,2325909,8.77,300,2631.0
2026-04-10 09:31:05.930,20260410,93105930,000009.SZ,2338292,1,2338291,2294251,8.78,2200,19316.0
2026-04-10 09:31:05.930,20260410,93105930,000009.SZ,2338293,1,2338291,2311842,8.78,700,6146.0
2026-04-10 09:31:05.940,20260410,93105940,000009.SZ,2338515,-1,2272809,0,0.0,100,0.0
2026-04-10 09:31:06.030,20260410,93106030,000009.SZ,2339955,2,2338291,2339954,8.78,200,1756.0
2026-04-10 09:31:06.030,20260410,93106030,000009.SZ,2339959,2,2338291,2339958,8.78,300,2634.0
2026-04-10 09:31:06.030,20260410,93106030,000009.SZ,2339972,2,2338291,2339971,8.78,400,3512.0
2026-04-10 09:31:06.040,20260410,93106040,000009.SZ,2340164,2,2338291,2340163,8.78,200,1756.0
2026-04-10 09:31:06.110,20260410,93106110,000009.SZ,2341618,2,2338291,2341617,8.78,1000,8780.0
2026-04-10 09:31:06.260,20260410,93106260,000009.SZ,2344814,2,2206737,2344813,8.77,100,877.0
2026-04-10 09:31:06.260,20260410,93106260,000009.SZ,2344815,2,2206738,2344813,8.77,100,877.0
2026-04-10 09:31:06.260,20260410,93106260,000009.SZ,2344816,2,2206751,2344813,8.77,100,877.0
2026-04-10 09:31:06.260,20260410,93106260,000009.SZ,2344817,2,2206752,2344813,8.77,100,877.0
2026-04-10 09:31:06.260,20260410,93106260,000009.SZ,2344818,2,2206760,2344813,8.77,100,877.0
2026-04-10 09:31:06.260,20260410,93106260,000009.SZ,2344819,2,2206762,2344813,8.77,300,2631.0
2026-04-10 09:31:06.260,20260410,93106260,000009.SZ,2344820,2,2206775,2344813,8.77,300,2631.0
2026-04-10 09:31:06.260,20260410,93106260,000009.SZ,2344821,2,2206776,2344813,8.77,100,877.0
2026-04-10 09:31:06.320,20260410,93106320,000009.SZ,2346397,-1,2123228,0,0.0,19800,0.0
2026-04-10 09:31:06.320,20260410,93106320,000009.SZ,2346406,2,2206776,2346405,8.77,100,877.0
2026-04-10 09:31:06.320,20260410,93106320,000009.SZ,2346438,-1,0,304872,0.0,8200,0.0
2026-04-10 09:31:06.460,20260410,93106460,000009.SZ,2350117,-1,2048428,0,0.0,200,0.0
2026-04-10 09:31:06.480,20260410,93106480,000009.SZ,2350551,2,2206776,2350550,8.77,200,1754.0
2026-04-10 09:31:06.480,20260410,93106480,000009.SZ,2350552,2,2206777,2350550,8.77,300,2631.0
2026-04-10 09:31:07.290,20260410,93107290,000009.SZ,2365502,-1,1873058,0,0.0,1800,0.0
2026-04-10 09:31:07.540,20260410,93107540,000009.SZ,2370972,-1,1503404,0,0.0,100,0.0
2026-04-10 09:31:07.620,20260410,93107620,000009.SZ,2372346,-1,1459169,0,0.0,700,0.0
2026-04-10 09:31:07.710,20260410,93107710,000009.SZ,2374220,-1,1417969,0,0.0,700,0.0
2026-04-10 09:31:07.870,20260410,93107870,000009.SZ,2376979,-1,0,2277844,0.0,200,0.0
2026-04-10 09:31:09.050,20260410,93109050,000009.SZ,2396018,1,2396017,2368968,8.78,100,878.0
2026-04-10 09:31:09.050,20260410,93109050,000009.SZ,2396019,1,2396017,2373218,8.78,1000,8780.0
2026-04-10 09:31:09.050,20260410,93109050,000009.SZ,2396020,1,2396017,2377760,8.78,200,1756.0
2026-04-10 09:31:09.050,20260410,93109050,000009.SZ,2396021,1,2396017,61620,8.79,1000,8790.0
2026-04-10 09:31:09.270,20260410,93109270,000009.SZ,2399408,-1,0,2281722,0.0,26500,0.0
2026-04-10 09:31:09.270,20260410,93109270,000009.SZ,2399488,2,2206777,2399487,8.77,100,877.0
2026-04-10 09:31:09.270,20260410,93109270,000009.SZ,2399489,2,2206780,2399487,8.77,100,877.0
2026-04-10 09:31:09.270,20260410,93109270,000009.SZ,2399490,2,2206781,2399487,8.77,400,3508.0
2026-04-10 09:31:09.270,20260410,93109270,000009.SZ,2399491,2,2206782,2399487,8.77,500,4385.0
2026-04-10 09:31:09.270,20260410,93109270,000009.SZ,2399492,2,2206784,2399487,8.77,800,7016.0
2026-04-10 09:31:09.270,20260410,93109270,000009.SZ,2399493,2,2206797,2399487,8.77,200,1754.0
2026-04-10 09:31:09.270,20260410,93109270,000009.SZ,2399494,2,2206798,2399487,8.77,200,1754.0
2026-04-10 09:31:09.270,20260410,93109270,000009.SZ,2399495,2,2206800,2399487,8.77,400,3508.0
2026-04-10 09:31:09.270,20260410,93109270,000009.SZ,2399496,2,2206812,2399487,8.77,300,2631.0
2026-04-10 09:31:09.530,20260410,93109530,000009.SZ,2405344,1,2405343,61620,8.79,2400,21096.0
2026-04-10 09:31:09.610,20260410,93109610,000009.SZ,2406702,2,2206812,2406701,8.77,300,2631.0
2026-04-10 09:31:09.610,20260410,93109610,000009.SZ,2406703,2,2206831,2406701,8.77,500,4385.0
2026-04-10 09:31:09.790,20260410,93109790,000009.SZ,2411625,-1,2341949,0,0.0,100,0.0
2026-04-10 09:31:09.800,20260410,93109800,000009.SZ,2411779,2,2411093,2411778,8.78,600,5268.0
2026-04-10 09:31:09.940,20260410,93109940,000009.SZ,2414560,-1,0,1073665,0.0,4700,0.0
2026-04-10 09:31:10.030,20260410,93110030,000009.SZ,2416046,-1,438686,0,0.0,10000,0.0
2026-04-10 09:31:10.440,20260410,93110440,000009.SZ,2424880,2,2206831,2424879,8.77,100,877.0
2026-04-10 09:31:10.440,20260410,93110440,000009.SZ,2424881,2,2206848,2424879,8.77,600,5262.0
2026-04-10 09:31:10.440,20260410,93110440,000009.SZ,2424882,2,2206894,2424879,8.77,200,1754.0
2026-04-10 09:31:11.110,20260410,93111110,000009.SZ,2437039,-1,1186152,0,0.0,4200,0.0
2026-04-10 09:31:12.150,20260410,93112150,000009.SZ,2452882,-1,2428354,0,0.0,500,0.0
2026-04-10 09:31:12.210,20260410,93112210,000009.SZ,2453718,1,2453717,2411778,8.78,1400,12292.0
2026-04-10 09:31:12.210,20260410,93112210,000009.SZ,2453719,1,2453717,2451487,8.78,1000,8780.0
2026-04-10 09:31:12.290,20260410,93112290,000009.SZ,2455385,2,2453717,2455384,8.78,4500,39510.0
2026-04-10 09:31:12.290,20260410,93112290,000009.SZ,2455386,2,2206894,2455384,8.77,400,3508.0
2026-04-10 09:31:12.290,20260410,93112290,000009.SZ,2455387,2,2206902,2455384,8.77,100,877.0
2026-04-10 09:31:12.720,20260410,93112720,000009.SZ,2463499,1,2463498,2455736,8.78,2900,25462.0
2026-04-10 09:31:12.740,20260410,93112740,000009.SZ,2463875,2,2463498,2463874,8.78,100,878.0
2026-04-10 09:31:12.740,20260410,93112740,000009.SZ,2463905,-1,2455759,0,0.0,100,0.0
2026-04-10 09:31:12.800,20260410,93112800,000009.SZ,2465585,2,2463498,2465584,8.78,600,5268.0
2026-04-10 09:31:12.800,20260410,93112800,000009.SZ,2465586,2,2464898,2465584,8.78,200,1756.0
2026-04-10 09:31:12.820,20260410,93112820,000009.SZ,2465993,2,2464898,2465992,8.78,1100,9658.0
2026-04-10 09:31:12.970,20260410,93112970,000009.SZ,2468212,-1,1027476,0,0.0,4800,0.0
2026-04-10 09:31:13.080,20260410,93113080,000009.SZ,2469861,-1,0,1101874,0.0,5800,0.0
2026-04-10 09:31:13.620,20260410,93113620,000009.SZ,2479777,-1,1147060,0,0.0,400,0.0
2026-04-10 09:31:14.690,20260410,93114690,000009.SZ,2495326,-1,1309230,0,0.0,5700,0.0
2026-04-10 09:31:15.420,20260410,93115420,000009.SZ,2506071,-1,1870353,0,0.0,6000,0.0
2026-04-10 09:31:15.590,20260410,93115590,000009.SZ,2508821,1,2508820,2465992,8.78,300,2634.0
2026-04-10 09:31:15.760,20260410,93115760,000009.SZ,2511697,2,2206902,2511696,8.77,200,1754.0
2026-04-10 09:31:16.890,20260410,93116890,000009.SZ,2529104,-1,0,145789,0.0,2000,0.0
2026-04-10 09:31:17.260,20260410,93117260,000009.SZ,2533663,1,2533662,2465992,8.78,200,1756.0
2026-04-10 09:31:17.590,20260410,93117590,000009.SZ,2537660,-1,1051547,0,0.0,1100,0.0
2026-04-10 09:31:18.170,20260410,93118170,000009.SZ,2544675,2,2206902,2544674,8.77,100,877.0
2026-04-10 09:31:18.680,20260410,93118680,000009.SZ,2553061,1,2553060,2465992,8.78,400,3512.0
2026-04-10 09:31:18.680,20260410,93118680,000009.SZ,2553062,1,2553060,2472217,8.78,200,1756.0
2026-04-10 09:31:19.020,20260410,93119020,000009.SZ,2558649,-1,1526315,0,0.0,700,0.0
2026-04-10 09:31:19.780,20260410,93119780,000009.SZ,2571258,2,2206915,2571257,8.77,100,877.0
2026-04-10 09:31:19.780,20260410,93119780,000009.SZ,2571259,2,2207011,2571257,8.77,200,1754.0
2026-04-10 09:31:20.070,20260410,93120070,000009.SZ,2574819,-1,1996040,0,0.0,2000,0.0
2026-04-10 09:31:20.770,20260410,93120770,000009.SZ,2583219,1,2583218,2491802,8.78,900,7902.0
2026-04-10 09:31:21.210,20260410,93121210,000009.SZ,2588547,2,2207011,2588546,8.77,600,5262.0
2026-04-10 09:31:21.210,20260410,93121210,000009.SZ,2588548,2,2207043,2588546,8.77,400,3508.0
2026-04-10 09:31:22.170,20260410,93122170,000009.SZ,2605361,2,2207043,2605360,8.77,300,2631.0
2026-04-10 09:31:22.170,20260410,93122170,000009.SZ,2605362,2,2207815,2605360,8.77,100,877.0
2026-04-10 09:31:22.170,20260410,93122170,000009.SZ,2605363,2,2208018,2605360,8.77,100,877.0
2026-04-10 09:31:22.170,20260410,93122170,000009.SZ,2605364,2,2212632,2605360,8.77,300,2631.0
2026-04-10 09:31:22.170,20260410,93122170,000009.SZ,2605365,2,2281777,2605360,8.77,1900,16663.0
2026-04-10 09:31:22.170,20260410,93122170,000009.SZ,2605366,2,2281785,2605360,8.77,1300,11401.0
2026-04-10 09:31:22.190,20260410,93122190,000009.SZ,2605702,2,2281785,2605701,8.77,100,877.0
2026-04-10 09:31:22.190,20260410,93122190,000009.SZ,2605704,2,2281785,2605703,8.77,300,2631.0
2026-04-10 09:31:22.190,20260410,93122190,000009.SZ,2605705,2,2326615,2605703,8.77,100,877.0
2026-04-10 09:31:22.190,20260410,93122190,000009.SZ,2605710,2,2350718,2605709,8.77,200,1754.0
2026-04-10 09:31:22.190,20260410,93122190,000009.SZ,2605711,2,2378570,2605709,8.77,100,877.0
2026-04-10 09:31:22.190,20260410,93122190,000009.SZ,2605714,2,2378570,2605713,8.77,100,877.0
2026-04-10 09:31:22.190,20260410,93122190,000009.SZ,2605715,2,2417739,2605713,8.77,100,877.0
2026-04-10 09:31:22.190,20260410,93122190,000009.SZ,2605718,2,2417739,2605717,8.77,200,1754.0
2026-04-10 09:31:22.190,20260410,93122190,000009.SZ,2605719,2,2502597,2605717,8.77,100,877.0
2026-04-10 09:31:22.190,20260410,93122190,000009.SZ,2605720,2,2553238,2605717,8.77,1900,16663.0
2026-04-10 09:31:22.190,20260410,93122190,000009.SZ,2605725,2,2553238,2605724,8.77,100,877.0
2026-04-10 09:31:22.190,20260410,93122190,000009.SZ,2605863,2,2553238,2605862,8.77,100,877.0
2026-04-10 09:31:22.190,20260410,93122190,000009.SZ,2605865,2,2553238,2605864,8.77,200,1754.0
2026-04-10 09:31:22.200,20260410,93122200,000009.SZ,2606067,2,2553238,2606066,8.77,300,2631.0
2026-04-10 09:31:22.210,20260410,93122210,000009.SZ,2606143,-1,2181739,0,0.0,2200,0.0
2026-04-10 09:31:23.090,20260410,93123090,000009.SZ,2618209,1,2618208,2606066,8.77,400,3508.0
2026-04-10 09:31:23.090,20260410,93123090,000009.SZ,2618210,1,2618208,2606075,8.77,600,5262.0
2026-04-10 09:31:23.090,20260410,93123090,000009.SZ,2618211,1,2618208,2606081,8.77,2200,19294.0
2026-04-10 09:31:23.090,20260410,93123090,000009.SZ,2618212,1,2618208,2606141,8.77,600,5262.0
2026-04-10 09:31:23.090,20260410,93123090,000009.SZ,2618213,1,2618208,2491802,8.78,5300,46534.0
2026-04-10 09:31:23.160,20260410,93123160,000009.SZ,2619099,-1,2618426,0,0.0,100,0.0
2026-04-10 09:31:23.810,20260410,93123810,000009.SZ,2626793,-1,1197305,0,0.0,500,0.0
2026-04-10 09:31:24.550,20260410,93124550,000009.SZ,2636282,-1,0,311223,0.0,1000,0.0
2026-04-10 09:31:24.600,20260410,93124600,000009.SZ,2636880,1,2636879,2491802,8.78,200,1756.0
2026-04-10 09:31:24.610,20260410,93124610,000009.SZ,2637073,2,2618997,2637072,8.77,500,4385.0
2026-04-10 09:31:24.680,20260410,93124680,000009.SZ,2638589,1,2638588,2637321,8.77,6300,55251.0
2026-04-10 09:31:24.700,20260410,93124700,000009.SZ,2638818,2,2638588,2638817,8.77,3700,32449.0
2026-04-10 09:31:24.700,20260410,93124700,000009.SZ,2638868,-1,2637400,0,0.0,100,0.0
2026-04-10 09:31:25.050,20260410,93125050,000009.SZ,2644048,-1,1608381,0,0.0,700,0.0
2026-04-10 09:31:25.200,20260410,93125200,000009.SZ,2646133,1,2646132,2639209,8.77,600,5262.0
2026-04-10 09:31:25.300,20260410,93125300,000009.SZ,2647590,1,2647589,2639209,8.77,2000,17540.0
2026-04-10 09:31:25.450,20260410,93125450,000009.SZ,2649711,1,2649710,2639209,8.77,100,877.0
2026-04-10 09:31:25.730,20260410,93125730,000009.SZ,2654219,-1,331469,0,0.0,30000,0.0
2026-04-10 09:31:26.220,20260410,93126220,000009.SZ,2660261,2,2182331,2660260,8.76,600,5256.0
2026-04-10 09:31:26.220,20260410,93126220,000009.SZ,2660262,2,2184498,2660260,8.76,100,876.0
2026-04-10 09:31:26.220,20260410,93126220,000009.SZ,2660263,2,2192271,2660260,8.76,100,876.0
2026-04-10 09:31:26.220,20260410,93126220,000009.SZ,2660264,2,2245564,2660260,8.76,400,3504.0
2026-04-10 09:31:26.500,20260410,93126500,000009.SZ,2663505,1,2663504,2639209,8.77,1100,9647.0
2026-04-10 09:31:27.250,20260410,93127250,000009.SZ,2672691,1,2672690,2639209,8.77,2000,17540.0
2026-04-10 09:31:27.340,20260410,93127340,000009.SZ,2674077,1,2674076,2639209,8.77,600,5262.0
2026-04-10 09:31:27.420,20260410,93127420,000009.SZ,2675136,1,2675135,2674415,8.77,600,5262.0
2026-04-10 09:31:27.420,20260410,93127420,000009.SZ,2675258,2,2245564,2675257,8.76,1200,10512.0
2026-04-10 09:31:28.710,20260410,93128710,000009.SZ,2693362,1,2693361,2674415,8.77,200,1754.0
2026-04-10 09:31:28.890,20260410,93128890,000009.SZ,2695960,-1,1283760,0,0.0,30000,0.0
2026-04-10 09:31:30.110,20260410,93130110,000009.SZ,2711480,2,2245564,2711479,8.76,400,3504.0
2026-04-10 09:31:30.110,20260410,93130110,000009.SZ,2711481,2,2250124,2711479,8.76,100,876.0
2026-04-10 09:31:30.110,20260410,93130110,000009.SZ,2711482,2,2267804,2711479,8.76,500,4380.0
2026-04-10 09:31:30.170,20260410,93130170,000009.SZ,2712247,2,2267804,2712246,8.76,200,1752.0
2026-04-10 09:31:30.170,20260410,93130170,000009.SZ,2712248,2,2281808,2712246,8.76,900,7884.0
2026-04-10 09:31:30.530,20260410,93130530,000009.SZ,2717789,2,2281808,2717788,8.76,100,876.0
2026-04-10 09:31:30.800,20260410,93130800,000009.SZ,2723307,-1,0,2674415,0.0,5600,0.0
2026-04-10 09:31:30.840,20260410,93130840,000009.SZ,2724101,2,2281808,2724100,8.76,1800,15768.0
2026-04-10 09:31:30.850,20260410,93130850,000009.SZ,2724278,-1,2193595,0,0.0,900,0.0
2026-04-10 09:31:30.850,20260410,93130850,000009.SZ,2724280,2,2281808,2724279,8.76,300,2628.0
2026-04-10 09:31:30.850,20260410,93130850,000009.SZ,2724281,2,2639159,2724279,8.76,100,876.0
2026-04-10 09:31:30.930,20260410,93130930,000009.SZ,2725649,-1,2724605,0,0.0,200,0.0
2026-04-10 09:31:30.930,20260410,93130930,000009.SZ,2725650,-1,2724608,0,0.0,100,0.0
2026-04-10 09:31:31.390,20260410,93131390,000009.SZ,2732771,1,2732770,2724418,8.76,100,876.0
2026-04-10 09:31:31.390,20260410,93131390,000009.SZ,2732772,1,2732770,2727450,8.76,100,876.0
2026-04-10 09:31:32.180,20260410,93132180,000009.SZ,2744931,-1,2725350,0,0.0,3100,0.0
2026-04-10 09:31:32.200,20260410,93132200,000009.SZ,2745142,-1,0,2724516,0.0,9700,0.0
2026-04-10 09:31:32.240,20260410,93132240,000009.SZ,2745471,-1,407470,0,0.0,3000,0.0
2026-04-10 09:31:32.610,20260410,93132610,000009.SZ,2749672,2,2726209,2749671,8.75,1200,10500.0
2026-04-10 09:31:33.030,20260410,93133030,000009.SZ,2756038,-1,0,2369341,0.0,1400,0.0
2026-04-10 09:31:35.150,20260410,93135150,000009.SZ,2785365,2,2726209,2785364,8.75,1200,10500.0
2026-04-10 09:31:35.950,20260410,93135950,000009.SZ,2794564,1,2794563,2727450,8.76,100,876.0
2026-04-10 09:31:35.980,20260410,93135980,000009.SZ,2795068,-1,0,2583707,0.0,10800,0.0
2026-04-10 09:31:36.080,20260410,93136080,000009.SZ,2796282,-1,2726236,0,0.0,4600,0.0
2026-04-10 09:31:36.080,20260410,93136080,000009.SZ,2796283,-1,2724656,0,0.0,1600,0.0
2026-04-10 09:31:36.080,20260410,93136080,000009.SZ,2796284,-1,2726228,0,0.0,3200,0.0
2026-04-10 09:31:36.080,20260410,93136080,000009.SZ,2796285,-1,2724686,0,0.0,1000,0.0
2026-04-10 09:31:36.080,20260410,93136080,000009.SZ,2796286,-1,2724685,0,0.0,600,0.0
2026-04-10 09:31:36.080,20260410,93136080,000009.SZ,2796287,-1,2724659,0,0.0,1700,0.0
2026-04-10 09:31:36.080,20260410,93136080,000009.SZ,2796290,-1,2724666,0,0.0,2100,0.0
2026-04-10 09:31:36.080,20260410,93136080,000009.SZ,2796294,-1,2724664,0,0.0,1900,0.0
2026-04-10 09:31:36.080,20260410,93136080,000009.SZ,2796295,-1,2726224,0,0.0,3800,0.0
2026-04-10 09:31:36.080,20260410,93136080,000009.SZ,2796297,-1,2724683,0,0.0,2100,0.0
2026-04-10 09:31:36.080,20260410,93136080,000009.SZ,2796298,-1,2724665,0,0.0,2200,0.0
2026-04-10 09:31:36.080,20260410,93136080,000009.SZ,2796301,-1,2724668,0,0.0,1700,0.0
2026-04-10 09:31:36.080,20260410,93136080,000009.SZ,2796304,1,2796303,2727450,8.76,4100,35916.0
2026-04-10 09:31:36.080,20260410,93136080,000009.SZ,2796305,1,2796303,2734309,8.76,1000,8760.0
2026-04-10 09:31:36.080,20260410,93136080,000009.SZ,2796306,1,2796303,2751767,8.76,1000,8760.0
2026-04-10 09:31:36.080,20260410,93136080,000009.SZ,2796307,1,2796303,2756728,8.76,1400,12264.0
2026-04-10 09:31:36.080,20260410,93136080,000009.SZ,2796308,1,2796303,2788936,8.76,300,2628.0
2026-04-10 09:31:36.080,20260410,93136080,000009.SZ,2796315,-1,2724660,0,0.0,1300,0.0
2026-04-10 09:31:36.080,20260410,93136080,000009.SZ,2796317,-1,2726233,0,0.0,1600,0.0
2026-04-10 09:31:36.080,20260410,93136080,000009.SZ,2796322,1,2796321,2788936,8.76,1000,8760.0
2026-04-10 09:31:36.080,20260410,93136080,000009.SZ,2796333,-1,2726221,0,0.0,2900,0.0
2026-04-10 09:31:36.080,20260410,93136080,000009.SZ,2796334,-1,2726220,0,0.0,2000,0.0
2026-04-10 09:31:36.080,20260410,93136080,000009.SZ,2796335,-1,2724661,0,0.0,1100,0.0
2026-04-10 09:31:36.080,20260410,93136080,000009.SZ,2796336,-1,2724663,0,0.0,3200,0.0
2026-04-10 09:31:36.080,20260410,93136080,000009.SZ,2796338,1,2796337,2788936,8.76,3700,32412.0
2026-04-10 09:31:36.100,20260410,93136100,000009.SZ,2796613,-1,0,2724535,0.0,7900,0.0
2026-04-10 09:31:36.100,20260410,93136100,000009.SZ,2796640,1,2796639,2706261,8.77,500,4385.0
2026-04-10 09:31:36.140,20260410,93136140,000009.SZ,2797102,-1,2796686,0,0.0,100,0.0
2026-04-10 09:31:36.150,20260410,93136150,000009.SZ,2797230,-1,0,2724649,0.0,7900,0.0
2026-04-10 09:31:36.230,20260410,93136230,000009.SZ,2798517,-1,0,2520664,0.0,5800,0.0
2026-04-10 09:31:36.340,20260410,93136340,000009.SZ,2800070,-1,0,2251915,0.0,200,0.0
2026-04-10 09:31:36.520,20260410,93136520,000009.SZ,2802506,2,2797016,2802505,8.76,1600,14016.0
2026-04-10 09:31:36.520,20260410,93136520,000009.SZ,2802507,2,2797018,2802505,8.76,800,7008.0
2026-04-10 09:31:36.520,20260410,93136520,000009.SZ,2802508,2,2797019,2802505,8.76,1100,9636.0
2026-04-10 09:31:36.520,20260410,93136520,000009.SZ,2802509,2,2797021,2802505,8.76,1500,13140.0
2026-04-10 09:31:36.810,20260410,93136810,000009.SZ,2806273,-1,0,421616,0.0,1000,0.0
2026-04-10 09:31:36.920,20260410,93136920,000009.SZ,2807801,-1,0,2766677,0.0,7500,0.0
2026-04-10 09:31:37.640,20260410,93137640,000009.SZ,2816844,-1,1046225,0,0.0,7400,0.0
2026-04-10 09:31:40.750,20260410,93140750,000009.SZ,2853245,2,2797021,2853244,8.76,600,5256.0
2026-04-10 09:31:40.750,20260410,93140750,000009.SZ,2853246,2,2803460,2853244,8.76,900,7884.0
2026-04-10 09:31:41.220,20260410,93141220,000009.SZ,2858457,2,2803460,2858456,8.76,500,4380.0
2026-04-10 09:31:41.450,20260410,93141450,000009.SZ,2861078,2,2803460,2861077,8.76,1600,14016.0
2026-04-10 09:31:41.460,20260410,93141460,000009.SZ,2861106,2,2803460,2861105,8.76,400,3504.0
2026-04-10 09:31:41.750,20260410,93141750,000009.SZ,2864262,2,2803460,2864261,8.76,3600,31536.0
2026-04-10 09:31:41.750,20260410,93141750,000009.SZ,2864263,2,2809628,2864261,8.76,10600,92856.0
2026-04-10 09:31:41.760,20260410,93141760,000009.SZ,2864347,1,2864346,2864314,8.76,600,5256.0
2026-04-10 09:31:41.760,20260410,93141760,000009.SZ,2864356,1,2864355,2864314,8.76,2400,21024.0
2026-04-10 09:31:41.760,20260410,93141760,000009.SZ,2864395,2,2864355,2864394,8.76,5900,51684.0
2026-04-10 09:31:41.760,20260410,93141760,000009.SZ,2864413,-1,0,2797112,0.0,400,0.0
2026-04-10 09:31:41.770,20260410,93141770,000009.SZ,2864433,2,2864355,2864432,8.76,900,7884.0
2026-04-10 09:31:42.240,20260410,93142240,000009.SZ,2869542,2,2758990,2869541,8.75,300,2625.0
2026-04-10 09:31:42.240,20260410,93142240,000009.SZ,2869543,2,2772501,2869541,8.75,100,875.0
2026-04-10 09:31:42.240,20260410,93142240,000009.SZ,2869544,2,2777259,2869541,8.75,100,875.0
2026-04-10 09:31:42.240,20260410,93142240,000009.SZ,2869545,2,2788722,2869541,8.75,100,875.0
2026-04-10 09:31:42.280,20260410,93142280,000009.SZ,2870100,-1,0,2864435,0.0,400,0.0
2026-04-10 09:31:42.290,20260410,93142290,000009.SZ,2870415,-1,2724415,0,0.0,3100,0.0
2026-04-10 09:31:42.660,20260410,93142660,000009.SZ,2875597,1,2875596,2869541,8.75,2000,17500.0
2026-04-10 09:31:42.730,20260410,93142730,000009.SZ,2876769,1,2876768,2869541,8.75,900,7875.0
2026-04-10 09:31:42.730,20260410,93142730,000009.SZ,2876770,1,2876768,2870190,8.75,400,3500.0
2026-04-10 09:31:42.730,20260410,93142730,000009.SZ,2876771,1,2876768,2864440,8.76,2000,17520.0
2026-04-10 09:31:42.730,20260410,93142730,000009.SZ,2876772,1,2876768,2864444,8.76,900,7884.0
2026-04-10 09:31:42.730,20260410,93142730,000009.SZ,2876773,1,2876768,2864450,8.76,900,7884.0
2026-04-10 09:31:42.730,20260410,93142730,000009.SZ,2876774,1,2876768,2864505,8.76,900,7884.0
2026-04-10 09:31:42.730,20260410,93142730,000009.SZ,2876775,1,2876768,2864535,8.76,200,1752.0
2026-04-10 09:31:42.820,20260410,93142820,000009.SZ,2878025,-1,0,2864554,0.0,900,0.0
2026-04-10 09:31:42.820,20260410,93142820,000009.SZ,2878026,-1,0,2864535,0.0,600,0.0
2026-04-10 09:31:42.930,20260410,93142930,000009.SZ,2879291,-1,0,2801857,0.0,200,0.0
2026-04-10 09:31:43.380,20260410,93143380,000009.SZ,2884583,1,2884582,2870180,8.76,2000,17520.0
2026-04-10 09:31:43.460,20260410,93143460,000009.SZ,2885635,1,2885634,2870180,8.76,500,4380.0
2026-04-10 09:31:43.460,20260410,93143460,000009.SZ,2885636,1,2885634,2880046,8.76,200,1752.0
2026-04-10 09:31:43.530,20260410,93143530,000009.SZ,2886427,1,2886426,2884655,8.76,100,876.0
2026-04-10 09:31:43.530,20260410,93143530,000009.SZ,2886428,1,2886426,2885735,8.76,700,6132.0
2026-04-10 09:31:43.890,20260410,93143890,000009.SZ,2890770,-1,0,2519812,0.0,500,0.0
2026-04-10 09:31:44.870,20260410,93144870,000009.SZ,2901191,1,2901190,2901116,8.75,400,3500.0
2026-04-10 09:31:44.870,20260410,93144870,000009.SZ,2901241,-1,2724651,0,0.0,7900,0.0
2026-04-10 09:31:46.120,20260410,93146120,000009.SZ,2916026,-1,0,2895877,0.0,400,0.0
2026-04-10 09:31:46.190,20260410,93146190,000009.SZ,2916860,-1,2896615,0,0.0,2000,0.0
2026-04-10 09:31:46.550,20260410,93146550,000009.SZ,2921461,-1,2901190,0,0.0,900,0.0
2026-04-10 09:31:46.840,20260410,93146840,000009.SZ,2925349,2,2904398,2925348,8.75,300,2625.0
2026-04-10 09:31:46.840,20260410,93146840,000009.SZ,2925350,2,2917797,2925348,8.75,100,875.0
2026-04-10 09:31:48.610,20260410,93148610,000009.SZ,2944525,1,2944524,2885735,8.76,100,876.0
2026-04-10 09:31:49.360,20260410,93149360,000009.SZ,2953272,2,2917797,2953271,8.75,500,4375.0
2026-04-10 09:31:50.760,20260410,93150760,000009.SZ,2967645,-1,2917797,0,0.0,1400,0.0
2026-04-10 09:31:50.830,20260410,93150830,000009.SZ,2968248,2,2943213,2968247,8.75,100,875.0
2026-04-10 09:31:50.830,20260410,93150830,000009.SZ,2968262,1,2968261,2968247,8.75,900,7875.0
2026-04-10 09:31:50.900,20260410,93150900,000009.SZ,2968930,1,2968929,2968247,8.75,600,5250.0
2026-04-10 09:31:51.140,20260410,93151140,000009.SZ,2971613,2,2724427,2971612,8.74,1400,12236.0
2026-04-10 09:31:51.290,20260410,93151290,000009.SZ,2973285,1,2973284,2968247,8.75,100,875.0
2026-04-10 09:31:51.630,20260410,93151630,000009.SZ,2978026,1,2978025,2968247,8.75,100,875.0
2026-04-10 09:31:54.820,20260410,93154820,000009.SZ,3014359,1,3014358,2968247,8.75,700,6125.0
2026-04-10 09:31:55.080,20260410,93155080,000009.SZ,3017217,1,3017216,2968247,8.75,1000,8750.0
2026-04-10 09:31:55.380,20260410,93155380,000009.SZ,3020638,-1,2821252,0,0.0,600,0.0
2026-04-10 09:31:55.380,20260410,93155380,000009.SZ,3020699,1,3020698,2968247,8.75,100,875.0
2026-04-10 09:31:55.380,20260410,93155380,000009.SZ,3020700,1,3020698,2977243,8.75,500,4375.0
2026-04-10 09:31:55.380,20260410,93155380,000009.SZ,3020701,1,3020698,2994521,8.75,100,875.0
2026-04-10 09:31:55.460,20260410,93155460,000009.SZ,3021601,1,3021600,2994521,8.75,200,1750.0
2026-04-10 09:31:56.520,20260410,93156520,000009.SZ,3032029,1,3032028,2994521,8.75,3700,32375.0
2026-04-10 09:31:56.520,20260410,93156520,000009.SZ,3032030,1,3032028,3026241,8.75,2000,17500.0
2026-04-10 09:31:56.590,20260410,93156590,000009.SZ,3032599,1,3032598,3026241,8.75,200,1750.0
2026-04-10 09:31:56.660,20260410,93156660,000009.SZ,3033254,1,3033253,3026241,8.75,100,875.0
2026-04-10 09:31:57.710,20260410,93157710,000009.SZ,3044318,-1,2724427,0,0.0,1700,0.0
2026-04-10 09:31:58.040,20260410,93158040,000009.SZ,3048266,-1,0,976971,0.0,5000,0.0
2026-04-10 09:31:58.850,20260410,93158850,000009.SZ,3057296,1,3057295,3026241,8.75,500,4375.0
2026-04-10 09:31:58.850,20260410,93158850,000009.SZ,3057297,1,3057295,3043398,8.75,100,875.0
2026-04-10 09:31:58.890,20260410,93158890,000009.SZ,3057585,1,3057584,3043398,8.75,500,4375.0
2026-04-10 09:31:59.340,20260410,93159340,000009.SZ,3061903,1,3061902,3043398,8.75,2000,17500.0
2026-04-10 09:31:59.410,20260410,93159410,000009.SZ,3062649,2,2724488,3062648,8.74,1400,12236.0
2026-04-10 09:32:00.420,20260410,93200420,000009.SZ,3076362,-1,0,2968115,0.0,5800,0.0
2026-04-10 09:32:00.700,20260410,93200700,000009.SZ,3080158,-1,0,2491802,0.0,3700,0.0
2026-04-10 09:32:00.990,20260410,93200990,000009.SZ,3084158,-1,2866293,0,0.0,1000,0.0
2026-04-10 09:32:01.130,20260410,93201130,000009.SZ,3085883,1,3085882,3043398,8.75,200,1750.0
2026-04-10 09:32:01.810,20260410,93201810,000009.SZ,3095773,1,3095772,3043398,8.75,700,6125.0
2026-04-10 09:32:02.970,20260410,93202970,000009.SZ,3109648,1,3109647,3043398,8.75,15300,133875.0
2026-04-10 09:32:02.970,20260410,93202970,000009.SZ,3109649,1,3109647,3049769,8.75,2000,17500.0
2026-04-10 09:32:02.970,20260410,93202970,000009.SZ,3109650,1,3109647,3081218,8.75,5000,43750.0
2026-04-10 09:32:02.970,20260410,93202970,000009.SZ,3109651,1,3109647,3081824,8.75,20000,175000.0
2026-04-10 09:32:02.970,20260410,93202970,000009.SZ,3109652,1,3109647,3109515,8.75,5400,47250.0
2026-04-10 09:32:02.980,20260410,93202980,000009.SZ,3109807,-1,3109693,0,0.0,200,0.0
2026-04-10 09:32:03.010,20260410,93203010,000009.SZ,3110026,1,3110025,2885735,8.76,2200,19272.0
2026-04-10 09:32:03.010,20260410,93203010,000009.SZ,3110027,1,3110025,2895773,8.76,5000,43800.0
2026-04-10 09:32:03.010,20260410,93203010,000009.SZ,3110028,1,3110025,2939230,8.76,100,876.0
2026-04-10 09:32:03.010,20260410,93203010,000009.SZ,3110029,1,3110025,2941543,8.76,100,876.0
2026-04-10 09:32:03.010,20260410,93203010,000009.SZ,3110030,1,3110025,2942800,8.76,200,1752.0
2026-04-10 09:32:03.010,20260410,93203010,000009.SZ,3110031,1,3110025,2943142,8.76,6500,56940.0
2026-04-10 09:32:03.020,20260410,93203020,000009.SZ,3110201,1,3110200,2943142,8.76,300,2628.0
2026-04-10 09:32:03.030,20260410,93203030,000009.SZ,3110242,1,3110241,2943142,8.76,13600,119136.0
2026-04-10 09:32:03.030,20260410,93203030,000009.SZ,3110243,1,3110241,2951257,8.76,800,7008.0
2026-04-10 09:32:03.030,20260410,93203030,000009.SZ,3110244,1,3110241,2966902,8.76,1500,13140.0
2026-04-10 09:32:03.030,20260410,93203030,000009.SZ,3110245,1,3110241,2981438,8.76,5300,46428.0
2026-04-10 09:32:03.030,20260410,93203030,000009.SZ,3110246,1,3110241,3049820,8.76,2000,17520.0
2026-04-10 09:32:03.030,20260410,93203030,000009.SZ,3110265,1,3110264,3049820,8.76,2900,25404.0
2026-04-10 09:32:03.030,20260410,93203030,000009.SZ,3110337,1,3110336,3049820,8.76,2300,20148.0
2026-04-10 09:32:03.030,20260410,93203030,000009.SZ,3110350,1,3110349,3049820,8.76,300,2628.0
2026-04-10 09:32:03.050,20260410,93203050,000009.SZ,3110653,1,3110652,2706261,8.77,500,4385.0
2026-04-10 09:32:03.050,20260410,93203050,000009.SZ,3110654,1,3110652,2712330,8.77,2400,21048.0
2026-04-10 09:32:03.060,20260410,93203060,000009.SZ,3110787,-1,0,2712330,0.0,3600,0.0
2026-04-10 09:32:03.290,20260410,93203290,000009.SZ,3114140,2,3110349,3114139,8.76,100,876.0
2026-04-10 09:32:03.310,20260410,93203310,000009.SZ,3114450,-1,0,2724282,0.0,900,0.0
2026-04-10 09:32:03.550,20260410,93203550,000009.SZ,3117775,-1,290782,0,0.0,100,0.0
2026-04-10 09:32:03.600,20260410,93203600,000009.SZ,3118385,1,3118384,2718123,8.77,100,877.0
2026-04-10 09:32:04.040,20260410,93204040,000009.SZ,3124554,-1,3110351,0,0.0,100,0.0
2026-04-10 09:32:04.040,20260410,93204040,000009.SZ,3124557,-1,3110353,0,0.0,200,0.0
2026-04-10 09:32:04.210,20260410,93204210,000009.SZ,3127724,1,3127723,2718123,8.77,1900,16663.0
2026-04-10 09:32:04.210,20260410,93204210,000009.SZ,3127725,1,3127723,2752922,8.77,1000,8770.0
2026-04-10 09:32:04.210,20260410,93204210,000009.SZ,3127726,1,3127723,2784583,8.77,1000,8770.0
2026-04-10 09:32:04.210,20260410,93204210,000009.SZ,3127727,1,3127723,2800717,8.77,2000,17540.0
2026-04-10 09:32:04.210,20260410,93204210,000009.SZ,3127728,1,3127723,2811023,8.77,100,877.0
2026-04-10 09:32:04.210,20260410,93204210,000009.SZ,3127729,1,3127723,2826698,8.77,11000,96470.0
2026-04-10 09:32:04.210,20260410,93204210,000009.SZ,3127730,1,3127723,2836941,8.77,100,877.0
2026-04-10 09:32:04.210,20260410,93204210,000009.SZ,3127731,1,3127723,2842648,8.77,1000,8770.0
2026-04-10 09:32:04.210,20260410,93204210,000009.SZ,3127732,1,3127723,2842670,8.77,1000,8770.0
2026-04-10 09:32:04.210,20260410,93204210,000009.SZ,3127733,1,3127723,2854891,8.77,1000,8770.0
2026-04-10 09:32:04.210,20260410,93204210,000009.SZ,3127734,1,3127723,2867363,8.77,1000,8770.0
2026-04-10 09:32:04.210,20260410,93204210,000009.SZ,3127735,1,3127723,2870203,8.77,2000,17540.0
2026-04-10 09:32:04.210,20260410,93204210,000009.SZ,3127736,1,3127723,2897703,8.77,5000,43850.0
2026-04-10 09:32:04.210,20260410,93204210,000009.SZ,3127737,1,3127723,2918999,8.77,5000,43850.0
2026-04-10 09:32:04.210,20260410,93204210,000009.SZ,3127738,1,3127723,2949987,8.77,5400,47358.0
2026-04-10 09:32:04.210,20260410,93204210,000009.SZ,3127739,1,3127723,2965508,8.77,10000,87700.0
2026-04-10 09:32:04.290,20260410,93204290,000009.SZ,3129114,-1,3110552,0,0.0,900,0.0
2026-04-10 09:32:04.290,20260410,93204290,000009.SZ,3129118,-1,3062702,0,0.0,100,0.0
2026-04-10 09:32:04.740,20260410,93204740,000009.SZ,3137226,-1,0,2639067,0.0,2000,0.0
2026-04-10 09:32:05.730,20260410,93205730,000009.SZ,3150667,-1,3130498,0,0.0,100,0.0
2026-04-10 09:32:05.730,20260410,93205730,000009.SZ,3150671,-1,3130473,0,0.0,900,0.0
2026-04-10 09:32:05.770,20260410,93205770,000009.SZ,3151374,-1,360740,0,0.0,2600,0.0
2026-04-10 09:32:06.030,20260410,93206030,000009.SZ,3154883,-1,3110349,0,0.0,400,0.0
2026-04-10 09:32:06.130,20260410,93206130,000009.SZ,3156155,-1,2869702,0,0.0,3000,0.0
2026-04-10 09:32:06.280,20260410,93206280,000009.SZ,3158260,2,3127723,3158259,8.77,5800,50866.0
2026-04-10 09:32:06.300,20260410,93206300,000009.SZ,3158567,-1,3110561,0,0.0,1100,0.0
2026-04-10 09:32:06.490,20260410,93206490,000009.SZ,3161361,2,3127723,3161360,8.77,200,1754.0
2026-04-10 09:32:06.670,20260410,93206670,000009.SZ,3163788,2,3127723,3163787,8.77,3700,32449.0
2026-04-10 09:32:07.040,20260410,93207040,000009.SZ,3168947,-1,3127723,0,0.0,31700,0.0
2026-04-10 09:32:07.040,20260410,93207040,000009.SZ,3168990,-1,3128186,0,0.0,20300,0.0
2026-04-10 09:32:07.040,20260410,93207040,000009.SZ,3168991,-1,3125177,0,0.0,19100,0.0
2026-04-10 09:32:07.060,20260410,93207060,000009.SZ,3169167,2,3142762,3169166,8.77,100,877.0
2026-04-10 09:32:07.060,20260410,93207060,000009.SZ,3169168,2,3151723,3169166,8.77,100,877.0
2026-04-10 09:32:07.060,20260410,93207060,000009.SZ,3169169,2,3151763,3169166,8.77,900,7893.0
2026-04-10 09:32:07.060,20260410,93207060,000009.SZ,3169170,2,3169071,3169166,8.77,100,877.0
2026-04-10 09:32:08.150,20260410,93208150,000009.SZ,3184897,2,3169071,3184896,8.77,100,877.0
2026-04-10 09:32:08.150,20260410,93208150,000009.SZ,3184898,2,3114299,3184896,8.76,100,876.0
2026-04-10 09:32:08.160,20260410,93208160,000009.SZ,3185039,-1,0,3061495,0.0,2000,0.0
2026-04-10 09:32:08.730,20260410,93208730,000009.SZ,3190616,-1,0,95462,0.0,2300,0.0
2026-04-10 09:32:10.150,20260410,93210150,000009.SZ,3207627,-1,870420,0,0.0,600,0.0
2026-04-10 09:32:10.210,20260410,93210210,000009.SZ,3208364,2,3114299,3208363,8.76,400,3504.0
2026-04-10 09:32:10.210,20260410,93210210,000009.SZ,3208365,2,3114307,3208363,8.76,200,1752.0
2026-04-10 09:32:10.210,20260410,93210210,000009.SZ,3208366,2,3114316,3208363,8.76,200,1752.0
2026-04-10 09:32:10.210,20260410,93210210,000009.SZ,3208367,2,3114317,3208363,8.76,200,1752.0
2026-04-10 09:32:10.210,20260410,93210210,000009.SZ,3208368,2,3114319,3208363,8.76,100,876.0
2026-04-10 09:32:10.210,20260410,93210210,000009.SZ,3208369,2,3114320,3208363,8.76,400,3504.0
2026-04-10 09:32:10.210,20260410,93210210,000009.SZ,3208370,2,3114325,3208363,8.76,100,876.0
2026-04-10 09:32:10.840,20260410,93210840,000009.SZ,3216512,1,3216511,2495320,8.78,10000,87800.0
2026-04-10 09:32:10.840,20260410,93210840,000009.SZ,3216513,1,3216511,2499222,8.78,2000,17560.0
2026-04-10 09:32:10.840,20260410,93210840,000009.SZ,3216514,1,3216511,2507185,8.78,3100,27218.0
2026-04-10 09:32:10.840,20260410,93210840,000009.SZ,3216516,1,3216515,2507185,8.78,3000,26340.0
2026-04-10 09:32:11.220,20260410,93211220,000009.SZ,3221376,2,3114325,3221375,8.76,300,2628.0
2026-04-10 09:32:11.220,20260410,93211220,000009.SZ,3221377,2,3114330,3221375,8.76,600,5256.0
2026-04-10 09:32:11.220,20260410,93211220,000009.SZ,3221378,2,3114338,3221375,8.76,100,876.0
2026-04-10 09:32:11.220,20260410,93211220,000009.SZ,3221379,2,3195071,3221375,8.76,300,2628.0
2026-04-10 09:32:11.220,20260410,93211220,000009.SZ,3221380,2,3109685,3221375,8.75,1300,11375.0
2026-04-10 09:32:11.220,20260410,93211220,000009.SZ,3221381,2,3109899,3221375,8.75,600,5250.0
2026-04-10 09:32:11.240,20260410,93211240,000009.SZ,3221555,1,3221554,3221455,8.77,100,877.0
2026-04-10 09:32:11.290,20260410,93211290,000009.SZ,3221950,1,3221949,3221455,8.77,200,1754.0
2026-04-10 09:32:11.290,20260410,93211290,000009.SZ,3221951,1,3221949,3221461,8.77,700,6139.0
2026-04-10 09:32:11.290,20260410,93211290,000009.SZ,3221981,-1,2724536,0,0.0,7900,0.0
2026-04-10 09:32:11.320,20260410,93211320,000009.SZ,3222234,1,3222233,3221461,8.77,300,2631.0
2026-04-10 09:32:11.390,20260410,93211390,000009.SZ,3222849,1,3222848,3222784,8.77,600,5262.0
2026-04-10 09:32:11.400,20260410,93211400,000009.SZ,3222988,1,3222987,3222784,8.77,500,4385.0
2026-04-10 09:32:11.510,20260410,93211510,000009.SZ,3223952,2,3221464,3223951,8.76,100,876.0
2026-04-10 09:32:11.510,20260410,93211510,000009.SZ,3223953,2,3221465,3223951,8.76,1900,16644.0
2026-04-10 09:32:12.320,20260410,93212320,000009.SZ,3232301,1,3232300,3222784,8.77,100,877.0
2026-04-10 09:32:12.480,20260410,93212480,000009.SZ,3234159,-1,1996582,0,0.0,2000,0.0
2026-04-10 09:32:12.790,20260410,93212790,000009.SZ,3238508,1,3238507,3222784,8.77,200,1754.0
2026-04-10 09:32:13.130,20260410,93213130,000009.SZ,3243112,2,3221465,3243111,8.76,1000,8760.0
2026-04-10 09:32:13.260,20260410,93213260,000009.SZ,3244680,1,3244679,2507185,8.78,200,1756.0
2026-04-10 09:32:13.540,20260410,93213540,000009.SZ,3248498,1,3248497,2507185,8.78,400,3512.0
2026-04-10 09:32:14.210,20260410,93214210,000009.SZ,3255753,-1,0,1147034,0.0,6000,0.0
2026-04-10 09:32:15.210,20260410,93215210,000009.SZ,3265539,-1,3231300,0,0.0,100,0.0
2026-04-10 09:32:15.400,20260410,93215400,000009.SZ,3268175,2,3247878,3268174,8.77,3000,26310.0
2026-04-10 09:32:15.400,20260410,93215400,000009.SZ,3268176,2,3265545,3268174,8.77,100,877.0
2026-04-10 09:32:15.400,20260410,93215400,000009.SZ,3268177,2,3221465,3268174,8.76,100,876.0
2026-04-10 09:32:15.400,20260410,93215400,000009.SZ,3268178,2,3221466,3268174,8.76,3000,26280.0
2026-04-10 09:32:15.400,20260410,93215400,000009.SZ,3268179,2,3221467,3268174,8.76,3000,26280.0
2026-04-10 09:32:15.400,20260410,93215400,000009.SZ,3268180,2,3221501,3268174,8.76,7400,64824.0
2026-04-10 09:32:15.400,20260410,93215400,000009.SZ,3268181,2,3221556,3268174,8.76,2000,17520.0
2026-04-10 09:32:16.540,20260410,93216540,000009.SZ,3280938,1,3280937,3269002,8.77,100,877.0
2026-04-10 09:32:16.540,20260410,93216540,000009.SZ,3280939,1,3280937,2507185,8.78,600,5268.0
2026-04-10 09:32:16.610,20260410,93216610,000009.SZ,3281905,2,3221556,3281904,8.76,1200,10512.0
2026-04-10 09:32:18.590,20260410,93218590,000009.SZ,3304856,2,3221556,3304855,8.76,700,6132.0
2026-04-10 09:32:18.770,20260410,93218770,000009.SZ,3306932,-1,2872058,0,0.0,500,0.0
2026-04-10 09:32:19.240,20260410,93219240,000009.SZ,3312226,1,3312225,2507185,8.78,200,1756.0
2026-04-10 09:32:19.250,20260410,93219250,000009.SZ,3312389,-1,0,2867330,0.0,1700,0.0
2026-04-10 09:32:19.450,20260410,93219450,000009.SZ,3314949,2,3311037,3314948,8.77,200,1754.0
2026-04-10 09:32:19.600,20260410,93219600,000009.SZ,3316984,2,3311037,3316983,8.77,2900,25433.0
2026-04-10 09:32:19.620,20260410,93219620,000009.SZ,3317299,1,3317298,3316983,8.77,100,877.0
2026-04-10 09:32:19.620,20260410,93219620,000009.SZ,3317301,1,3317300,3316983,8.77,300,2631.0
2026-04-10 09:32:19.620,20260410,93219620,000009.SZ,3317303,1,3317302,3316983,8.77,6700,58759.0
2026-04-10 09:32:19.800,20260410,93219800,000009.SZ,3319510,2,3317302,3319509,8.77,400,3508.0
2026-04-10 09:32:19.800,20260410,93219800,000009.SZ,3319511,2,3317304,3319509,8.77,200,1754.0
2026-04-10 09:32:19.800,20260410,93219800,000009.SZ,3319512,2,3318464,3319509,8.77,600,5262.0
2026-04-10 09:32:20.720,20260410,93220720,000009.SZ,3329317,-1,3318464,0,0.0,6500,0.0
2026-04-10 09:32:21.670,20260410,93221670,000009.SZ,3339960,2,3333660,3339959,8.77,100,877.0
2026-04-10 09:32:21.680,20260410,93221680,000009.SZ,3340039,1,3340038,3339959,8.77,6400,56128.0
2026-04-10 09:32:21.680,20260410,93221680,000009.SZ,3340083,-1,3221478,0,0.0,14400,0.0
2026-04-10 09:32:21.690,20260410,93221690,000009.SZ,3340277,-1,3317232,0,0.0,7900,0.0
2026-04-10 09:32:21.920,20260410,93221920,000009.SZ,3342723,1,3342722,2507185,8.78,2400,21072.0
2026-04-10 09:32:22.230,20260410,93222230,000009.SZ,3346253,1,3346252,2507185,8.78,100,878.0
2026-04-10 09:32:22.760,20260410,93222760,000009.SZ,3352579,-1,3341015,0,0.0,6400,0.0
2026-04-10 09:32:22.780,20260410,93222780,000009.SZ,3352844,-1,3340043,0,0.0,300,0.0
2026-04-10 09:32:23.380,20260410,93223380,000009.SZ,3360122,2,3352637,3360121,8.77,3100,27187.0
2026-04-10 09:32:23.390,20260410,93223390,000009.SZ,3360218,1,3360217,3360121,8.77,6900,60513.0
2026-04-10 09:32:23.970,20260410,93223970,000009.SZ,3365624,2,3360219,3365623,8.77,1000,8770.0
2026-04-10 09:32:24.150,20260410,93224150,000009.SZ,3367634,2,3360220,3367633,8.77,1000,8770.0
2026-04-10 09:32:24.230,20260410,93224230,000009.SZ,3368438,-1,3333633,0,0.0,100,0.0
2026-04-10 09:32:24.460,20260410,93224460,000009.SZ,3371518,-1,3361098,0,0.0,6900,0.0
2026-04-10 09:32:24.650,20260410,93224650,000009.SZ,3373485,-1,3360226,0,0.0,6900,0.0
2026-04-10 09:32:25.240,20260410,93225240,000009.SZ,3380471,1,3380470,2507185,8.78,100,878.0
2026-04-10 09:32:25.270,20260410,93225270,000009.SZ,3380758,1,3380757,2507185,8.78,100,878.0
2026-04-10 09:32:25.780,20260410,93225780,000009.SZ,3386333,-1,3360681,0,0.0,7900,0.0
2026-04-10 09:32:27.540,20260410,93227540,000009.SZ,3403973,-1,0,3088114,0.0,1400,0.0
2026-04-10 09:32:28.150,20260410,93228150,000009.SZ,3410228,2,3360220,3410227,8.77,2000,17540.0
2026-04-10 09:32:28.160,20260410,93228160,000009.SZ,3410316,-1,3360281,0,0.0,2200,0.0
2026-04-10 09:32:28.160,20260410,93228160,000009.SZ,3410317,-1,3360282,0,0.0,700,0.0
2026-04-10 09:32:30.350,20260410,93230350,000009.SZ,3431349,2,3360220,3431348,8.77,1300,11401.0
2026-04-10 09:32:30.350,20260410,93230350,000009.SZ,3431350,2,3360357,3431348,8.77,600,5262.0
2026-04-10 09:32:30.350,20260410,93230350,000009.SZ,3431351,2,3361075,3431348,8.77,400,3508.0
2026-04-10 09:32:31.830,20260410,93231830,000009.SZ,3446692,2,3361075,3446691,8.77,1300,11401.0
2026-04-10 09:32:33.160,20260410,93233160,000009.SZ,3459827,2,3361075,3459826,8.77,100,877.0
2026-04-10 09:32:33.170,20260410,93233170,000009.SZ,3459932,-1,1746175,0,0.0,2000,0.0
2026-04-10 09:32:34.070,20260410,93234070,000009.SZ,3469503,-1,3374289,0,0.0,200,0.0
2026-04-10 09:32:34.070,20260410,93234070,000009.SZ,3469508,-1,3361075,0,0.0,2000,0.0
2026-04-10 09:32:34.200,20260410,93234200,000009.SZ,3470580,1,3470579,2507185,8.78,100,878.0
2026-04-10 09:32:34.470,20260410,93234470,000009.SZ,3473316,2,3373946,3473315,8.77,100,877.0
2026-04-10 09:32:34.800,20260410,93234800,000009.SZ,3477110,2,3373946,3477109,8.77,1000,8770.0
2026-04-10 09:32:35.080,20260410,93235080,000009.SZ,3479908,1,3479907,2507185,8.78,1000,8780.0
2026-04-10 09:32:35.390,20260410,93235390,000009.SZ,3482836,-1,0,3309867,0.0,1800,0.0
2026-04-10 09:32:35.790,20260410,93235790,000009.SZ,3486965,-1,2781999,0,0.0,15200,0.0
2026-04-10 09:32:36.360,20260410,93236360,000009.SZ,3492347,2,3373946,3492346,8.77,3600,31572.0
2026-04-10 09:32:36.360,20260410,93236360,000009.SZ,3492348,2,3433587,3492346,8.77,5700,49989.0
2026-04-10 09:32:36.360,20260410,93236360,000009.SZ,3492349,2,3468817,3492346,8.77,700,6139.0
2026-04-10 09:32:37.170,20260410,93237170,000009.SZ,3500460,2,3470136,3500459,8.77,1000,8770.0
2026-04-10 09:32:37.610,20260410,93237610,000009.SZ,3505394,-1,3492435,0,0.0,3200,0.0
2026-04-10 09:32:37.680,20260410,93237680,000009.SZ,3506016,-1,3470136,0,0.0,100,0.0
2026-04-10 09:32:37.680,20260410,93237680,000009.SZ,3506023,-1,3493270,0,0.0,300,0.0
2026-04-10 09:32:38.820,20260410,93238820,000009.SZ,3516665,1,3516664,2507185,8.78,30000,263400.0
2026-04-10 09:32:39.420,20260410,93239420,000009.SZ,3522095,2,3506699,3522094,8.77,1200,10524.0
2026-04-10 09:32:39.420,20260410,93239420,000009.SZ,3522096,2,3516720,3522094,8.77,800,7016.0
2026-04-10 09:32:40.060,20260410,93240060,000009.SZ,3528931,-1,0,820257,0.0,17700,0.0
2026-04-10 09:32:40.190,20260410,93240190,000009.SZ,3530034,1,3530033,2507185,8.78,300,2634.0
2026-04-10 09:32:40.300,20260410,93240300,000009.SZ,3531097,1,3531096,2507185,8.78,1200,10536.0
2026-04-10 09:32:40.850,20260410,93240850,000009.SZ,3536795,2,3516720,3536794,8.77,2600,22802.0
2026-04-10 09:32:40.850,20260410,93240850,000009.SZ,3536796,2,3527779,3536794,8.77,1200,10524.0
2026-04-10 09:32:40.860,20260410,93240860,000009.SZ,3536844,1,3536843,3536794,8.77,19400,170138.0
2026-04-10 09:32:40.860,20260410,93240860,000009.SZ,3536848,1,3536847,3536794,8.77,8600,75422.0
2026-04-10 09:32:40.860,20260410,93240860,000009.SZ,3536851,1,3536850,3536794,8.77,1400,12278.0
2026-04-10 09:32:40.870,20260410,93240870,000009.SZ,3536945,1,3536944,3536794,8.77,1100,9647.0
2026-04-10 09:32:40.870,20260410,93240870,000009.SZ,3536947,1,3536946,3536794,8.77,13000,114010.0
2026-04-10 09:32:40.870,20260410,93240870,000009.SZ,3536949,1,3536948,3536794,8.77,600,5262.0
2026-04-10 09:32:40.870,20260410,93240870,000009.SZ,3536951,1,3536950,3536794,8.77,100,877.0
2026-04-10 09:32:40.870,20260410,93240870,000009.SZ,3536959,1,3536958,3536794,8.77,400,3508.0
2026-04-10 09:32:40.870,20260410,93240870,000009.SZ,3536970,1,3536969,3536794,8.77,4100,35957.0
2026-04-10 09:32:40.880,20260410,93240880,000009.SZ,3537067,1,3537066,2507185,8.78,7200,63216.0
2026-04-10 09:32:40.880,20260410,93240880,000009.SZ,3537068,1,3537066,2530435,8.78,300,2634.0
2026-04-10 09:32:40.880,20260410,93240880,000009.SZ,3537069,1,3537066,2536013,8.78,300,2634.0
2026-04-10 09:32:41.090,20260410,93241090,000009.SZ,3539584,-1,0,146274,0.0,1000,0.0
2026-04-10 09:32:41.700,20260410,93241700,000009.SZ,3545122,2,3536969,3545121,8.77,2300,20171.0
2026-04-10 09:32:41.700,20260410,93241700,000009.SZ,3545123,2,3536987,3545121,8.77,100,877.0
2026-04-10 09:32:41.700,20260410,93241700,000009.SZ,3545124,2,3536988,3545121,8.77,200,1754.0
2026-04-10 09:32:41.700,20260410,93241700,000009.SZ,3545125,2,3537009,3545121,8.77,600,5262.0
2026-04-10 09:32:41.700,20260410,93241700,000009.SZ,3545126,2,3537018,3545121,8.77,5200,45604.0
2026-04-10 09:32:41.700,20260410,93241700,000009.SZ,3545127,2,3537141,3545121,8.77,300,2631.0
2026-04-10 09:32:41.700,20260410,93241700,000009.SZ,3545128,2,3537515,3545121,8.77,100,877.0
2026-04-10 09:32:41.710,20260410,93241710,000009.SZ,3545168,1,3545167,3545121,8.77,300,2631.0
2026-04-10 09:32:41.710,20260410,93241710,000009.SZ,3545200,1,3545199,3545121,8.77,1300,11401.0
2026-04-10 09:32:41.810,20260410,93241810,000009.SZ,3545981,-1,3545225,0,0.0,100,0.0
2026-04-10 09:32:41.860,20260410,93241860,000009.SZ,3546381,2,3545199,3546380,8.77,300,2631.0
2026-04-10 09:32:41.860,20260410,93241860,000009.SZ,3546382,2,3545224,3546380,8.77,100,877.0
2026-04-10 09:32:41.860,20260410,93241860,000009.SZ,3546383,2,3545238,3546380,8.77,3400,29818.0
2026-04-10 09:32:41.860,20260410,93241860,000009.SZ,3546439,1,3546438,3546380,8.77,100,877.0
2026-04-10 09:32:41.910,20260410,93241910,000009.SZ,3546842,1,3546841,3546380,8.77,1700,14909.0
2026-04-10 09:32:42.320,20260410,93242320,000009.SZ,3551768,1,3551767,2536013,8.78,100,878.0
2026-04-10 09:32:42.730,20260410,93242730,000009.SZ,3557070,2,3546909,3557069,8.77,1000,8770.0
2026-04-10 09:32:43.220,20260410,93243220,000009.SZ,3562205,1,3562204,2536013,8.78,1100,9658.0
2026-04-10 09:32:43.220,20260410,93243220,000009.SZ,3562206,1,3562204,2558409,8.78,800,7024.0
2026-04-10 09:32:43.230,20260410,93243230,000009.SZ,3562246,1,3562245,2558409,8.78,600,5268.0
2026-04-10 09:32:43.330,20260410,93243330,000009.SZ,3563277,1,3563276,2558409,8.78,8600,75508.0
2026-04-10 09:32:43.330,20260410,93243330,000009.SZ,3563278,1,3563276,2578594,8.78,3000,26340.0
2026-04-10 09:32:43.370,20260410,93243370,000009.SZ,3563676,1,3563675,2578594,8.78,2000,17560.0
2026-04-10 09:32:43.370,20260410,93243370,000009.SZ,3563677,1,3563675,2667657,8.78,2000,17560.0
2026-04-10 09:32:43.370,20260410,93243370,000009.SZ,3563678,1,3563675,2679206,8.78,500,4390.0
2026-04-10 09:32:43.380,20260410,93243380,000009.SZ,3563842,1,3563841,2679206,8.78,2500,21950.0
2026-04-10 09:32:43.380,20260410,93243380,000009.SZ,3563843,1,3563841,2702786,8.78,500,4390.0
2026-04-10 09:32:43.380,20260410,93243380,000009.SZ,3563844,1,3563841,2708233,8.78,500,4390.0
2026-04-10 09:32:43.380,20260410,93243380,000009.SZ,3563845,1,3563841,2827967,8.78,400,3512.0
2026-04-10 09:32:43.390,20260410,93243390,000009.SZ,3564027,1,3564026,2827967,8.78,100,878.0
2026-04-10 09:32:43.390,20260410,93243390,000009.SZ,3564028,1,3564026,2852621,8.78,700,6146.0
2026-04-10 09:32:43.390,20260410,93243390,000009.SZ,3564029,1,3564026,3149544,8.78,1000,8780.0
2026-04-10 09:32:43.390,20260410,93243390,000009.SZ,3564030,1,3564026,3190059,8.78,100,878.0
2026-04-10 09:32:43.390,20260410,93243390,000009.SZ,3564031,1,3564026,3216327,8.78,1400,12292.0
2026-04-10 09:32:43.910,20260410,93243910,000009.SZ,3569323,1,3569322,3216327,8.78,100,878.0
2026-04-10 09:32:43.960,20260410,93243960,000009.SZ,3569833,1,3569832,3216327,8.78,100,878.0
2026-04-10 09:32:43.960,20260410,93243960,000009.SZ,3569838,1,3569837,3216327,8.78,100,878.0
2026-04-10 09:32:44.010,20260410,93244010,000009.SZ,3570220,1,3570219,3216327,8.78,1300,11414.0
2026-04-10 09:32:44.010,20260410,93244010,000009.SZ,3570221,1,3570219,3246016,8.78,600,5268.0
2026-04-10 09:32:44.010,20260410,93244010,000009.SZ,3570222,1,3570219,3294720,8.78,700,6146.0
2026-04-10 09:32:44.010,20260410,93244010,000009.SZ,3570223,1,3570219,3297854,8.78,2000,17560.0
2026-04-10 09:32:44.010,20260410,93244010,000009.SZ,3570224,1,3570219,3364951,8.78,100,878.0
2026-04-10 09:32:44.010,20260410,93244010,000009.SZ,3570225,1,3570219,3373386,8.78,800,7024.0
2026-04-10 09:32:44.010,20260410,93244010,000009.SZ,3570226,1,3570219,3375894,8.78,500,4390.0
2026-04-10 09:32:44.010,20260410,93244010,000009.SZ,3570227,1,3570219,3386210,8.78,500,4390.0
2026-04-10 09:32:44.010,20260410,93244010,000009.SZ,3570228,1,3570219,3392617,8.78,4500,39510.0
2026-04-10 09:32:44.010,20260410,93244010,000009.SZ,3570229,1,3570219,3418585,8.78,1300,11414.0
2026-04-10 09:32:44.010,20260410,93244010,000009.SZ,3570230,1,3570219,3428216,8.78,400,3512.0
2026-04-10 09:32:44.010,20260410,93244010,000009.SZ,3570231,1,3570219,3433463,8.78,2500,21950.0
2026-04-10 09:32:44.010,20260410,93244010,000009.SZ,3570232,1,3570219,3447775,8.78,1000,8780.0
2026-04-10 09:32:44.010,20260410,93244010,000009.SZ,3570233,1,3570219,3496163,8.78,1000,8780.0
2026-04-10 09:32:44.010,20260410,93244010,000009.SZ,3570234,1,3570219,3500552,8.78,1000,8780.0
2026-04-10 09:32:44.010,20260410,93244010,000009.SZ,3570235,1,3570219,3506668,8.78,300,2634.0
2026-04-10 09:32:44.010,20260410,93244010,000009.SZ,3570236,1,3570219,3565732,8.78,500,4390.0
2026-04-10 09:32:44.010,20260410,93244010,000009.SZ,3570237,1,3570219,61620,8.79,1000,8790.0
2026-04-10 09:32:44.230,20260410,93244230,000009.SZ,3572257,-1,2724420,0,0.0,3300,0.0
2026-04-10 09:32:44.230,20260410,93244230,000009.SZ,3572258,-1,2724419,0,0.0,6000,0.0
2026-04-10 09:32:44.280,20260410,93244280,000009.SZ,3572775,2,3572156,3572774,8.78,100,878.0
2026-04-10 09:32:44.280,20260410,93244280,000009.SZ,3572776,2,3572305,3572774,8.78,100,878.0
2026-04-10 09:32:44.530,20260410,93244530,000009.SZ,3575099,-1,0,106697,0.0,200,0.0
2026-04-10 09:32:45.320,20260410,93245320,000009.SZ,3582287,2,3572305,3582286,8.78,200,1756.0
2026-04-10 09:32:45.320,20260410,93245320,000009.SZ,3582288,2,3574977,3582286,8.78,100,878.0
2026-04-10 09:32:45.320,20260410,93245320,000009.SZ,3582326,1,3582325,3582286,8.78,100,878.0
2026-04-10 09:32:46.060,20260410,93246060,000009.SZ,3590643,2,3546909,3590642,8.77,1000,8770.0
2026-04-10 09:32:46.420,20260410,93246420,000009.SZ,3594568,-1,3546538,0,0.0,7900,0.0
2026-04-10 09:32:48.410,20260410,93248410,000009.SZ,3613470,-1,3563468,0,0.0,7900,0.0
2026-04-10 09:32:48.610,20260410,93248610,000009.SZ,3616083,2,3546909,3616082,8.77,1200,10524.0
2026-04-10 09:32:48.610,20260410,93248610,000009.SZ,3616084,2,3546966,3616082,8.77,600,5262.0
2026-04-10 09:32:49.170,20260410,93249170,000009.SZ,3623210,-1,0,2565964,0.0,5300,0.0
2026-04-10 09:32:49.260,20260410,93249260,000009.SZ,3624521,-1,3546966,0,0.0,2800,0.0
2026-04-10 09:32:49.830,20260410,93249830,000009.SZ,3631974,2,3572553,3631973,8.77,1800,15786.0
2026-04-10 09:32:49.830,20260410,93249830,000009.SZ,3631975,2,3576952,3631973,8.77,100,877.0
2026-04-10 09:32:49.830,20260410,93249830,000009.SZ,3631976,2,3578996,3631973,8.77,600,5262.0
2026-04-10 09:32:49.850,20260410,93249850,000009.SZ,3632222,1,3632221,3631973,8.77,1200,10524.0
2026-04-10 09:32:49.890,20260410,93249890,000009.SZ,3632768,2,3221556,3632767,8.76,200,1752.0
2026-04-10 09:32:49.970,20260410,93249970,000009.SZ,3633797,1,3633796,3582286,8.78,300,2634.0
2026-04-10 09:32:50.010,20260410,93250010,000009.SZ,3634480,-1,114591,0,0.0,1000,0.0
2026-04-10 09:32:50.660,20260410,93250660,000009.SZ,3643167,-1,0,239825,0.0,25300,0.0
2026-04-10 09:32:51.210,20260410,93251210,000009.SZ,3651810,-1,0,3580582,0.0,100,0.0
2026-04-10 09:32:52.150,20260410,93252150,000009.SZ,3664110,-1,1098453,0,0.0,500,0.0
2026-04-10 09:32:52.700,20260410,93252700,000009.SZ,3670716,1,3670715,3582286,8.78,1300,11414.0
